symbol,date,time,lastPrice,lastVolume,bidPrice1,askPrice1,bidVolume1,askVolume1
RM705,20170320,09:00:00.5,2374.0,0.0,2372.0,2374.0,264.0,65.0
RM705,20170320,09:00:01.0,2376.0,0.0,2375.0,2376.0,117.0,55.0
RM705,20170320,09:00:01.5,2377.0,0.0,2376.0,2378.0,20.0,83.0
RM705,20170320,09:00:02.0,2378.0,0.0,2375.0,2378.0,183.0,57.0
RM705,20170320,09:00:02.5,2379.0,0.0,2377.0,2379.0,22.0,95.0
RM705,20170320,09:00:03.0,2380.0,0.0,2378.0,2380.0,14.0,266.0
RM705,20170320,09:00:03.5,2379.0,0.0,2379.0,2380.0,11.0,208.0
RM705,20170320,09:00:04.0,2380.0,0.0,2379.0,2380.0,20.0,9.0
RM705,20170320,09:00:04.5,2379.0,0.0,2379.0,2380.0,52.0,6.0
RM705,20170320,09:00:05.0,2380.0,0.0,2378.0,2380.0,88.0,3.0
RM705,20170320,09:00:05.5,2381.0,0.0,2379.0,2381.0,36.0,18.0
RM705,20170320,09:00:06.0,2381.0,0.0,2380.0,2381.0,6.0,31.0
RM705,20170320,09:00:06.5,2379.0,0.0,2378.0,2379.0,119.0,11.0
RM705,20170320,09:00:07.0,2380.0,0.0,2379.0,2380.0,3.0,41.0
RM705,20170320,09:00:07.5,2379.0,0.0,2378.0,2379.0,115.0,54.0
RM705,20170320,09:00:08.0,2379.0,0.0,2378.0,2379.0,175.0,9.0
RM705,20170320,09:00:08.5,2379.0,0.0,2378.0,2379.0,148.0,6.0
RM705,20170320,09:00:09.0,2378.0,0.0,2378.0,2379.0,139.0,2.0
RM705,20170320,09:00:09.5,2380.0,0.0,2378.0,2380.0,118.0,36.0
RM705,20170320,09:00:10.0,2380.0,0.0,2379.0,2380.0,32.0,5.0
RM705,20170320,09:00:10.5,2381.0,0.0,2379.0,2381.0,13.0,26.0
RM705,20170320,09:00:11.0,2379.0,0.0,2379.0,2380.0,11.0,10.0
RM705,20170320,09:00:11.5,2380.0,0.0,2379.0,2380.0,17.0,20.0
RM705,20170320,09:00:12.0,2380.0,0.0,2379.0,2380.0,47.0,32.0
RM705,20170320,09:00:12.5,2379.0,0.0,2379.0,2380.0,11.0,28.0
RM705,20170320,09:00:13.0,2379.0,0.0,2379.0,2380.0,6.0,18.0
RM705,20170320,09:00:13.5,2380.0,0.0,2379.0,2380.0,7.0,26.0
RM705,20170320,09:00:14.0,2379.0,0.0,2378.0,2380.0,135.0,12.0
RM705,20170320,09:00:14.5,2379.0,0.0,2378.0,2379.0,136.0,14.0
RM705,20170320,09:00:15.0,2382.0,0.0,2379.0,2380.0,10.0,3.0
RM705,20170320,09:00:15.5,2379.0,0.0,2379.0,2380.0,50.0,8.0
RM705,20170320,09:00:16.0,2379.0,0.0,2379.0,2380.0,48.0,8.0
RM705,20170320,09:00:16.5,2379.0,0.0,2378.0,2380.0,153.0,25.0
RM705,20170320,09:00:17.0,2379.0,0.0,2378.0,2379.0,149.0,10.0
RM705,20170320,09:00:17.5,2380.0,0.0,2378.0,2380.0,147.0,10.0
RM705,20170320,09:00:18.0,2379.0,0.0,2379.0,2380.0,2.0,16.0
RM705,20170320,09:00:18.5,2379.0,0.0,2378.0,2380.0,146.0,41.0
RM705,20170320,09:00:19.0,2380.0,0.0,2378.0,2379.0,146.0,7.0
RM705,20170320,09:00:19.5,2379.0,0.0,2378.0,2380.0,168.0,49.0
RM705,20170320,09:00:20.0,2378.0,0.0,2378.0,2379.0,158.0,10.0
RM705,20170320,09:00:20.5,2379.0,0.0,2379.0,2380.0,40.0,41.0
RM705,20170320,09:00:21.0,2379.0,0.0,2378.0,2379.0,159.0,24.0
RM705,20170320,09:00:21.5,2380.0,0.0,2379.0,2380.0,2.0,45.0
RM705,20170320,09:00:22.0,2380.0,0.0,2379.0,2380.0,1.0,32.0
RM705,20170320,09:00:22.5,2379.0,0.0,2378.0,2380.0,154.0,34.0
RM705,20170320,09:00:23.0,2380.0,0.0,2378.0,2380.0,159.0,21.0
RM705,20170320,09:00:23.5,2380.0,0.0,2379.0,2380.0,1.0,27.0
RM705,20170320,09:00:24.0,2378.0,0.0,2378.0,2379.0,142.0,11.0
RM705,20170320,09:00:24.5,2379.0,0.0,2378.0,2379.0,146.0,14.0
RM705,20170320,09:00:25.0,2379.0,0.0,2378.0,2379.0,151.0,10.0
RM705,20170320,09:00:25.5,2379.0,0.0,2378.0,2379.0,158.0,7.0
RM705,20170320,09:00:26.0,2380.0,0.0,2378.0,2380.0,160.0,33.0
RM705,20170320,09:00:26.5,2380.0,0.0,2379.0,2380.0,10.0,33.0
RM705,20170320,09:00:27.0,2379.0,0.0,2379.0,2380.0,3.0,30.0
RM705,20170320,09:00:27.5,2378.0,0.0,2378.0,2379.0,149.0,12.0
RM705,20170320,09:00:28.0,2379.0,0.0,2378.0,2379.0,150.0,11.0
RM705,20170320,09:00:28.5,2379.0,0.0,2378.0,2379.0,143.0,9.0
RM705,20170320,09:00:29.0,2379.0,0.0,2379.0,2380.0,88.0,32.0
RM705,20170320,09:00:29.5,2379.0,0.0,2379.0,2380.0,6.0,32.0
RM705,20170320,09:00:30.0,2379.0,0.0,2378.0,2379.0,182.0,16.0
RM705,20170320,09:00:30.5,2380.0,0.0,2378.0,2380.0,185.0,65.0
RM705,20170320,09:00:31.0,2378.0,0.0,2378.0,2380.0,160.0,68.0
RM705,20170320,09:00:31.5,2378.0,0.0,2379.0,2380.0,5.0,70.0
RM705,20170320,09:00:32.0,2379.0,0.0,2379.0,2380.0,13.0,100.0
RM705,20170320,09:00:32.5,2379.0,0.0,2379.0,2380.0,6.0,97.0
RM705,20170320,09:00:33.0,2379.0,0.0,2379.0,2380.0,9.0,96.0
RM705,20170320,09:00:33.5,2380.0,0.0,2379.0,2380.0,9.0,93.0
RM705,20170320,09:00:34.0,2379.0,0.0,2379.0,2380.0,5.0,67.0
RM705,20170320,09:00:34.5,2380.0,0.0,2379.0,2380.0,2.0,46.0
RM705,20170320,09:00:35.0,2380.0,0.0,2379.0,2380.0,3.0,56.0
RM705,20170320,09:00:35.5,2379.0,0.0,2379.0,2380.0,6.0,56.0
RM705,20170320,09:00:36.0,2379.0,0.0,2379.0,2380.0,7.0,58.0
RM705,20170320,09:00:36.5,2379.0,0.0,2379.0,2380.0,7.0,58.0
RM705,20170320,09:00:37.0,2379.0,0.0,2379.0,2380.0,7.0,59.0
RM705,20170320,09:00:37.5,2380.0,0.0,2379.0,2380.0,10.0,58.0
RM705,20170320,09:00:38.0,2379.0,0.0,2379.0,2380.0,10.0,59.0
RM705,20170320,09:00:38.5,2380.0,0.0,2379.0,2380.0,13.0,58.0
RM705,20170320,09:00:39.0,2379.0,0.0,2379.0,2380.0,41.0,56.0
RM705,20170320,09:00:39.5,2379.0,0.0,2379.0,2380.0,51.0,56.0
RM705,20170320,09:00:40.0,2379.0,0.0,2379.0,2380.0,41.0,22.0
RM705,20170320,09:00:40.5,2380.0,0.0,2379.0,2380.0,7.0,42.0
RM705,20170320,09:00:41.0,2379.0,0.0,2378.0,2379.0,158.0,9.0
RM705,20170320,09:00:41.5,2380.0,0.0,2379.0,2380.0,70.0,25.0
RM705,20170320,09:00:42.0,2380.0,0.0,2379.0,2380.0,68.0,27.0
RM705,20170320,09:00:42.5,2380.0,0.0,2379.0,2380.0,73.0,48.0
RM705,20170320,09:00:43.0,2379.0,0.0,2379.0,2380.0,88.0,52.0
RM705,20170320,09:00:43.5,2379.0,0.0,2379.0,2380.0,91.0,56.0
RM705,20170320,09:00:44.0,2379.0,0.0,2379.0,2380.0,136.0,56.0
RM705,20170320,09:00:44.5,2379.0,0.0,2379.0,2380.0,133.0,55.0
RM705,20170320,09:00:45.0,2379.0,0.0,2379.0,2380.0,119.0,46.0
RM705,20170320,09:00:45.5,2379.0,0.0,2379.0,2380.0,114.0,40.0
RM705,20170320,09:00:46.0,2379.0,0.0,2379.0,2380.0,92.0,24.0
RM705,20170320,09:00:46.5,2379.0,0.0,2379.0,2380.0,90.0,23.0
RM705,20170320,09:00:47.0,2380.0,0.0,2379.0,2380.0,90.0,24.0
RM705,20170320,09:00:47.5,2380.0,0.0,2379.0,2380.0,89.0,23.0
RM705,20170320,09:00:48.0,2380.0,0.0,2379.0,2380.0,97.0,22.0
RM705,20170320,09:00:48.5,2379.0,0.0,2379.0,2380.0,93.0,12.0
RM705,20170320,09:00:49.0,2380.0,0.0,2379.0,2380.0,92.0,14.0
RM705,20170320,09:00:49.5,2379.0,0.0,2379.0,2380.0,91.0,13.0
RM705,20170320,09:00:50.0,2380.0,0.0,2379.0,2380.0,82.0,2.0
RM705,20170320,09:00:50.5,2379.0,0.0,2379.0,2380.0,79.0,6.0
RM705,20170320,09:00:51.0,2380.0,0.0,2380.0,2381.0,7.0,77.0
RM705,20170320,09:00:51.5,2380.0,0.0,2379.0,2380.0,85.0,50.0
RM705,20170320,09:00:52.0,2380.0,0.0,2379.0,2380.0,99.0,55.0
RM705,20170320,09:00:52.5,2380.0,0.0,2379.0,2380.0,101.0,46.0
RM705,20170320,09:00:53.0,2380.0,0.0,2379.0,2380.0,102.0,37.0
RM705,20170320,09:00:53.5,2379.0,0.0,2379.0,2380.0,98.0,40.0
RM705,20170320,09:00:54.0,2380.0,0.0,2379.0,2380.0,99.0,15.0
RM705,20170320,09:00:54.5,2380.0,0.0,2379.0,2380.0,99.0,23.0
RM705,20170320,09:00:55.0,2380.0,0.0,2379.0,2380.0,99.0,26.0
RM705,20170320,09:00:55.5,2380.0,0.0,2379.0,2380.0,107.0,53.0
RM705,20170320,09:00:56.0,2380.0,0.0,2379.0,2380.0,107.0,73.0
RM705,20170320,09:00:56.5,2379.0,0.0,2379.0,2380.0,107.0,70.0
RM705,20170320,09:00:57.0,2379.0,0.0,2379.0,2380.0,76.0,65.0
RM705,20170320,09:00:57.5,2380.0,0.0,2379.0,2380.0,76.0,60.0
RM705,20170320,09:00:58.0,2380.0,0.0,2379.0,2380.0,179.0,65.0
RM705,20170320,09:00:58.5,2380.0,0.0,2379.0,2380.0,180.0,64.0
RM705,20170320,09:00:59.0,2379.0,0.0,2379.0,2380.0,180.0,61.0
RM705,20170320,09:00:59.5,2380.0,0.0,2379.0,2380.0,196.0,48.0
RM705,20170320,09:01:00.0,2381.0,0.0,2380.0,2381.0,61.0,105.0
RM705,20170320,09:01:00.5,2380.0,0.0,2380.0,2381.0,110.0,86.0
RM705,20170320,09:01:01.0,2380.0,0.0,2380.0,2381.0,113.0,76.0
RM705,20170320,09:01:01.5,2381.0,0.0,2380.0,2381.0,114.0,67.0
RM705,20170320,09:01:02.0,2380.0,0.0,2380.0,2381.0,114.0,64.0
RM705,20170320,09:01:02.5,2380.0,0.0,2380.0,2381.0,110.0,66.0
RM705,20170320,09:01:03.0,2380.0,0.0,2380.0,2381.0,102.0,86.0
RM705,20170320,09:01:03.5,2381.0,0.0,2380.0,2381.0,103.0,85.0
RM705,20170320,09:01:04.0,2380.0,0.0,2380.0,2381.0,90.0,85.0
RM705,20170320,09:01:04.5,2381.0,0.0,2380.0,2381.0,11.0,105.0
RM705,20170320,09:01:05.0,2380.0,0.0,2380.0,2381.0,6.0,105.0
RM705,20170320,09:01:05.5,2380.0,0.0,2380.0,2381.0,9.0,103.0
RM705,20170320,09:01:06.0,2381.0,0.0,2380.0,2381.0,13.0,117.0
RM705,20170320,09:01:06.5,2380.0,0.0,2380.0,2381.0,12.0,113.0
RM705,20170320,09:01:07.0,2380.0,0.0,2380.0,2381.0,15.0,113.0
RM705,20170320,09:01:07.5,2380.0,0.0,2380.0,2381.0,1.0,89.0
RM705,20170320,09:01:08.0,2382.0,0.0,2382.0,2383.0,65.0,134.0
RM705,20170320,09:01:08.5,2381.0,0.0,2381.0,2382.0,4.0,141.0
RM705,20170320,09:01:09.0,2381.0,0.0,2380.0,2382.0,152.0,36.0
RM705,20170320,09:01:09.5,2382.0,0.0,2381.0,2382.0,6.0,19.0
RM705,20170320,09:01:10.0,2382.0,0.0,2381.0,2382.0,6.0,9.0
RM705,20170320,09:01:10.5,2381.0,0.0,2381.0,2383.0,7.0,141.0
RM705,20170320,09:01:11.0,2382.0,0.0,2381.0,2382.0,38.0,5.0
RM705,20170320,09:01:11.5,2382.0,0.0,2381.0,2382.0,31.0,29.0
RM705,20170320,09:01:12.0,2382.0,0.0,2380.0,2382.0,96.0,8.0
RM705,20170320,09:01:12.5,2382.0,0.0,2381.0,2383.0,13.0,168.0
RM705,20170320,09:01:13.0,2382.0,0.0,2382.0,2383.0,16.0,168.0
RM705,20170320,09:01:13.5,2382.0,0.0,2382.0,2383.0,19.0,166.0
RM705,20170320,09:01:14.0,2382.0,0.0,2382.0,2383.0,24.0,128.0
RM705,20170320,09:01:14.5,2382.0,0.0,2382.0,2383.0,28.0,108.0
RM705,20170320,09:01:15.0,2383.0,0.0,2382.0,2383.0,26.0,93.0
RM705,20170320,09:01:15.5,2382.0,0.0,2382.0,2383.0,24.0,89.0
RM705,20170320,09:01:16.0,2383.0,0.0,2382.0,2383.0,4.0,87.0
RM705,20170320,09:01:16.5,2383.0,0.0,2382.0,2383.0,6.0,84.0
RM705,20170320,09:01:17.0,2383.0,0.0,2382.0,2383.0,4.0,67.0
RM705,20170320,09:01:17.5,2382.0,0.0,2382.0,2383.0,1.0,67.0
RM705,20170320,09:01:18.0,2383.0,0.0,2382.0,2383.0,1.0,67.0
RM705,20170320,09:01:18.5,2383.0,0.0,2382.0,2383.0,2.0,58.0
RM705,20170320,09:01:19.0,2382.0,0.0,2382.0,2383.0,26.0,57.0
RM705,20170320,09:01:19.5,2382.0,0.0,2382.0,2383.0,22.0,65.0
RM705,20170320,09:01:20.0,2383.0,0.0,2382.0,2383.0,1.0,75.0
RM705,20170320,09:01:20.5,2383.0,0.0,2382.0,2383.0,6.0,31.0
RM705,20170320,09:01:21.0,2383.0,0.0,2382.0,2383.0,8.0,42.0
RM705,20170320,09:01:21.5,2383.0,0.0,2382.0,2383.0,10.0,44.0
RM705,20170320,09:01:22.0,2383.0,0.0,2382.0,2383.0,14.0,41.0
RM705,20170320,09:01:22.5,2383.0,0.0,2382.0,2383.0,25.0,27.0
RM705,20170320,09:01:23.0,2383.0,0.0,2382.0,2383.0,25.0,30.0
RM705,20170320,09:01:23.5,2383.0,0.0,2382.0,2383.0,33.0,34.0
RM705,20170320,09:01:24.0,2383.0,0.0,2382.0,2383.0,33.0,37.0
RM705,20170320,09:01:24.5,2383.0,0.0,2382.0,2383.0,33.0,37.0
RM705,20170320,09:01:25.0,2383.0,0.0,2382.0,2383.0,42.0,37.0
RM705,20170320,09:01:25.5,2383.0,0.0,2382.0,2383.0,52.0,35.0
RM705,20170320,09:01:26.0,2382.0,0.0,2382.0,2383.0,50.0,16.0
RM705,20170320,09:01:26.5,2382.0,0.0,2382.0,2383.0,50.0,24.0
RM705,20170320,09:01:27.0,2383.0,0.0,2382.0,2383.0,49.0,62.0
RM705,20170320,09:01:27.5,2383.0,0.0,2382.0,2383.0,33.0,98.0
RM705,20170320,09:01:28.0,2383.0,0.0,2382.0,2383.0,36.0,93.0
RM705,20170320,09:01:28.5,2382.0,0.0,2382.0,2383.0,26.0,90.0
RM705,20170320,09:01:29.0,2382.0,0.0,2382.0,2383.0,28.0,102.0
RM705,20170320,09:01:29.5,2382.0,0.0,2382.0,2383.0,35.0,109.0
RM705,20170320,09:01:30.0,2382.0,0.0,2382.0,2383.0,35.0,110.0
RM705,20170320,09:01:30.5,2382.0,0.0,2382.0,2383.0,33.0,91.0
RM705,20170320,09:01:31.0,2382.0,0.0,2382.0,2383.0,28.0,108.0
RM705,20170320,09:01:31.5,2382.0,0.0,2382.0,2383.0,26.0,114.0
RM705,20170320,09:01:32.0,2382.0,0.0,2382.0,2383.0,31.0,128.0
RM705,20170320,09:01:32.5,2382.0,0.0,2381.0,2382.0,60.0,2.0
RM705,20170320,09:01:33.0,2381.0,0.0,2381.0,2382.0,66.0,20.0
RM705,20170320,09:01:33.5,2382.0,0.0,2381.0,2382.0,66.0,25.0
RM705,20170320,09:01:34.0,2382.0,0.0,2381.0,2382.0,66.0,37.0
RM705,20170320,09:01:34.5,2382.0,0.0,2381.0,2382.0,67.0,19.0
RM705,20170320,09:01:35.0,2382.0,0.0,2382.0,2383.0,73.0,102.0
RM705,20170320,09:01:35.5,2382.0,0.0,2382.0,2383.0,72.0,92.0
RM705,20170320,09:01:36.0,2382.0,0.0,2382.0,2383.0,76.0,112.0
RM705,20170320,09:01:36.5,2382.0,0.0,2382.0,2383.0,83.0,13.0
RM705,20170320,09:01:37.0,2383.0,0.0,2383.0,2384.0,85.0,199.0
RM705,20170320,09:01:37.5,2384.0,0.0,2383.0,2384.0,91.0,200.0
RM705,20170320,09:01:38.0,2384.0,0.0,2383.0,2384.0,72.0,198.0
RM705,20170320,09:01:38.5,2384.0,0.0,2383.0,2384.0,80.0,51.0
RM705,20170320,09:01:39.0,2383.0,0.0,2383.0,2384.0,73.0,50.0
RM705,20170320,09:01:39.5,2384.0,0.0,2384.0,2385.0,61.0,147.0
RM705,20170320,09:01:40.0,2385.0,0.0,2384.0,2385.0,72.0,12.0
RM705,20170320,09:01:40.5,2384.0,0.0,2384.0,2385.0,48.0,9.0
RM705,20170320,09:01:41.0,2384.0,0.0,2384.0,2385.0,10.0,39.0
RM705,20170320,09:01:41.5,2385.0,0.0,2384.0,2385.0,15.0,18.0
RM705,20170320,09:01:42.0,2385.0,0.0,2384.0,2385.0,15.0,25.0
RM705,20170320,09:01:42.5,2385.0,0.0,2384.0,2385.0,17.0,26.0
RM705,20170320,09:01:43.0,2385.0,0.0,2384.0,2385.0,12.0,25.0
RM705,20170320,09:01:43.5,2385.0,0.0,2384.0,2385.0,15.0,20.0
RM705,20170320,09:01:44.0,2385.0,0.0,2384.0,2385.0,18.0,19.0
RM705,20170320,09:01:44.5,2384.0,0.0,2384.0,2385.0,16.0,20.0
RM705,20170320,09:01:45.0,2384.0,0.0,2384.0,2385.0,13.0,35.0
RM705,20170320,09:01:45.5,2385.0,0.0,2384.0,2385.0,23.0,60.0
RM705,20170320,09:01:46.0,2384.0,0.0,2384.0,2385.0,22.0,62.0
RM705,20170320,09:01:47.0,2384.0,0.0,2384.0,2385.0,22.0,66.0
RM705,20170320,09:01:47.5,2385.0,0.0,2384.0,2385.0,21.0,65.0
RM705,20170320,09:01:48.0,2385.0,0.0,2384.0,2385.0,22.0,52.0
RM705,20170320,09:01:48.5,2385.0,0.0,2385.0,2386.0,115.0,161.0
RM705,20170320,09:01:49.0,2385.0,0.0,2385.0,2386.0,279.0,147.0
RM705,20170320,09:01:49.5,2385.0,0.0,2385.0,2386.0,271.0,131.0
RM705,20170320,09:01:50.0,2385.0,0.0,2385.0,2386.0,234.0,141.0
RM705,20170320,09:01:50.5,2385.0,0.0,2385.0,2386.0,233.0,141.0
RM705,20170320,09:01:51.0,2386.0,0.0,2385.0,2386.0,233.0,118.0
RM705,20170320,09:01:51.5,2386.0,0.0,2385.0,2386.0,205.0,1.0
RM705,20170320,09:01:52.0,2386.0,0.0,2385.0,2386.0,175.0,7.0
RM705,20170320,09:01:52.5,2388.0,0.0,2387.0,2388.0,160.0,280.0
RM705,20170320,09:01:53.0,2388.0,0.0,2387.0,2388.0,328.0,142.0
RM705,20170320,09:01:53.5,2389.0,0.0,2388.0,2389.0,97.0,111.0
RM705,20170320,09:01:54.0,2388.0,0.0,2388.0,2389.0,393.0,50.0
RM705,20170320,09:01:54.5,2388.0,0.0,2388.0,2389.0,403.0,77.0
RM705,20170320,09:01:55.0,2389.0,0.0,2388.0,2389.0,388.0,131.0
RM705,20170320,09:01:55.5,2389.0,0.0,2388.0,2389.0,677.0,7.0
RM705,20170320,09:01:56.0,2389.0,0.0,2389.0,2390.0,96.0,524.0
RM705,20170320,09:01:56.5,2389.0,0.0,2389.0,2390.0,103.0,451.0
RM705,20170320,09:01:57.0,2390.0,0.0,2388.0,2390.0,618.0,442.0
RM705,20170320,09:01:57.5,2389.0,0.0,2389.0,2390.0,54.0,339.0
RM705,20170320,09:01:58.0,2389.0,0.0,2389.0,2390.0,30.0,237.0
RM705,20170320,09:01:59.0,2389.0,0.0,2389.0,2390.0,48.0,140.0
RM705,20170320,09:01:59.5,2390.0,0.0,2389.0,2390.0,51.0,107.0
RM705,20170320,09:02:00.0,2390.0,0.0,2390.0,2391.0,236.0,42.0
RM705,20170320,09:02:00.5,2390.0,0.0,2390.0,2392.0,199.0,87.0
RM705,20170320,09:02:01.5,2392.0,0.0,2392.0,2394.0,34.0,64.0
RM705,20170320,09:02:02.0,2390.0,0.0,2390.0,2391.0,136.0,1.0
RM705,20170320,09:02:03.0,2395.0,0.0,2394.0,2395.0,13.0,18.0
RM705,20170320,09:02:03.5,2392.0,0.0,2392.0,2394.0,25.0,3.0
RM705,20170320,09:02:04.0,2392.0,0.0,2392.0,2394.0,39.0,2.0
RM705,20170320,09:02:04.5,2394.0,0.0,2394.0,2395.0,47.0,8.0
RM705,20170320,09:02:05.5,2394.0,0.0,2394.0,2396.0,33.0,9.0
RM705,20170320,09:02:06.0,2394.0,0.0,2394.0,2396.0,30.0,4.0
RM705,20170320,09:02:06.5,2394.0,0.0,2394.0,2395.0,38.0,13.0
RM705,20170320,09:02:07.0,2394.0,0.0,2394.0,2395.0,1.0,37.0
RM705,20170320,09:02:08.0,2396.0,0.0,2394.0,2396.0,8.0,24.0
RM705,20170320,09:02:08.5,2394.0,0.0,2393.0,2394.0,313.0,3.0
RM705,20170320,09:02:09.0,2395.0,0.0,2395.0,2396.0,85.0,53.0
RM705,20170320,09:02:10.0,2394.0,0.0,2394.0,2395.0,25.0,8.0
RM705,20170320,09:02:10.5,2393.0,0.0,2393.0,2394.0,297.0,160.0
RM705,20170320,09:02:11.0,2394.0,0.0,2393.0,2394.0,290.0,155.0
RM705,20170320,09:02:11.5,2394.0,0.0,2393.0,2394.0,307.0,11.0
RM705,20170320,09:02:12.5,2393.0,0.0,2393.0,2394.0,302.0,24.0
RM705,20170320,09:02:13.0,2394.0,0.0,2393.0,2394.0,300.0,14.0
RM705,20170320,09:02:13.5,2393.0,0.0,2393.0,2394.0,256.0,250.0
RM705,20170320,09:02:14.5,2393.0,0.0,2393.0,2394.0,213.0,191.0
RM705,20170320,09:02:15.5,2393.0,0.0,2393.0,2394.0,188.0,176.0
RM705,20170320,09:02:16.0,2393.0,0.0,2393.0,2394.0,169.0,12.0
RM705,20170320,09:02:17.0,2394.0,0.0,2394.0,2395.0,117.0,134.0
RM705,20170320,09:02:17.5,2394.0,0.0,2394.0,2395.0,80.0,134.0
RM705,20170320,09:02:18.0,2394.0,0.0,2394.0,2395.0,45.0,129.0
RM705,20170320,09:02:18.5,2395.0,0.0,2394.0,2395.0,28.0,84.0
RM705,20170320,09:02:19.0,2394.0,0.0,2394.0,2395.0,31.0,87.0
RM705,20170320,09:02:19.5,2394.0,0.0,2394.0,2395.0,8.0,87.0
RM705,20170320,09:02:20.0,2393.0,0.0,2393.0,2394.0,181.0,26.0
RM705,20170320,09:02:20.5,2394.0,0.0,2393.0,2394.0,180.0,28.0
RM705,20170320,09:02:21.5,2395.0,0.0,2395.0,2396.0,120.0,136.0
RM705,20170320,09:02:22.0,2394.0,0.0,2393.0,2394.0,180.0,31.0
RM705,20170320,09:02:22.5,2394.0,0.0,2393.0,2394.0,153.0,14.0
RM705,20170320,09:02:23.0,2394.0,0.0,2393.0,2394.0,121.0,22.0
RM705,20170320,09:02:23.5,2394.0,0.0,2393.0,2394.0,111.0,22.0
RM705,20170320,09:02:24.0,2394.0,0.0,2393.0,2394.0,106.0,12.0
RM705,20170320,09:02:24.5,2393.0,0.0,2393.0,2394.0,96.0,36.0
RM705,20170320,09:02:25.0,2394.0,0.0,2393.0,2394.0,72.0,35.0
RM705,20170320,09:02:25.5,2394.0,0.0,2393.0,2394.0,72.0,38.0
RM705,20170320,09:02:26.0,2394.0,0.0,2393.0,2394.0,56.0,26.0
RM705,20170320,09:02:26.5,2394.0,0.0,2393.0,2394.0,56.0,28.0
RM705,20170320,09:02:27.0,2394.0,0.0,2393.0,2394.0,55.0,28.0
RM705,20170320,09:02:27.5,2393.0,0.0,2393.0,2394.0,37.0,29.0
RM705,20170320,09:02:28.0,2394.0,0.0,2393.0,2394.0,37.0,24.0
RM705,20170320,09:02:28.5,2393.0,0.0,2393.0,2394.0,33.0,20.0
RM705,20170320,09:02:29.0,2393.0,0.0,2393.0,2394.0,31.0,44.0
RM705,20170320,09:02:29.5,2393.0,0.0,2392.0,2393.0,65.0,49.0
RM705,20170320,09:02:30.0,2393.0,0.0,2392.0,2393.0,55.0,34.0
RM705,20170320,09:02:30.5,2393.0,0.0,2393.0,2394.0,68.0,51.0
RM705,20170320,09:02:31.0,2394.0,0.0,2394.0,2395.0,38.0,432.0
RM705,20170320,09:02:31.5,2393.0,0.0,2393.0,2395.0,78.0,426.0
RM705,20170320,09:02:32.0,2395.0,0.0,2393.0,2395.0,28.0,335.0
RM705,20170320,09:02:32.5,2393.0,0.0,2393.0,2394.0,33.0,3.0
RM705,20170320,09:02:33.0,2394.0,0.0,2394.0,2395.0,87.0,341.0
RM705,20170320,09:02:33.5,2394.0,0.0,2394.0,2395.0,67.0,241.0
RM705,20170320,09:02:34.0,2394.0,0.0,2394.0,2395.0,5.0,270.0
RM705,20170320,09:02:34.5,2395.0,0.0,2394.0,2395.0,30.0,167.0
RM705,20170320,09:02:35.0,2394.0,0.0,2394.0,2395.0,28.0,170.0
RM705,20170320,09:02:35.5,2394.0,0.0,2394.0,2395.0,24.0,78.0
RM705,20170320,09:02:36.0,2395.0,0.0,2394.0,2395.0,21.0,73.0
RM705,20170320,09:02:36.5,2395.0,0.0,2395.0,2396.0,16.0,147.0
RM705,20170320,09:02:37.0,2396.0,0.0,2395.0,2396.0,10.0,104.0
RM705,20170320,09:02:37.5,2394.0,0.0,2394.0,2395.0,40.0,2.0
RM705,20170320,09:02:38.0,2394.0,0.0,2394.0,2395.0,40.0,1.0
RM705,20170320,09:02:38.5,2395.0,0.0,2394.0,2395.0,18.0,5.0
RM705,20170320,09:02:39.0,2395.0,0.0,2394.0,2395.0,18.0,5.0
RM705,20170320,09:02:39.5,2395.0,0.0,2394.0,2395.0,2.0,15.0
RM705,20170320,09:02:40.0,2394.0,0.0,2394.0,2395.0,24.0,19.0
RM705,20170320,09:02:40.5,2394.0,0.0,2394.0,2395.0,1.0,21.0
RM705,20170320,09:02:41.0,2394.0,0.0,2393.0,2394.0,147.0,9.0
RM705,20170320,09:02:41.5,2393.0,0.0,2393.0,2394.0,145.0,17.0
RM705,20170320,09:02:42.0,2394.0,0.0,2393.0,2394.0,141.0,13.0
RM705,20170320,09:02:42.5,2394.0,0.0,2393.0,2394.0,139.0,11.0
RM705,20170320,09:02:43.0,2394.0,0.0,2394.0,2395.0,15.0,128.0
RM705,20170320,09:02:43.5,2394.0,0.0,2393.0,2394.0,155.0,7.0
RM705,20170320,09:02:44.0,2393.0,0.0,2393.0,2395.0,152.0,135.0
RM705,20170320,09:02:44.5,2395.0,0.0,2394.0,2395.0,22.0,107.0
RM705,20170320,09:02:45.0,2395.0,0.0,2394.0,2395.0,17.0,108.0
RM705,20170320,09:02:45.5,2394.0,0.0,2394.0,2395.0,35.0,111.0
RM705,20170320,09:02:46.0,2395.0,0.0,2394.0,2395.0,27.0,85.0
RM705,20170320,09:02:46.5,2394.0,0.0,2394.0,2395.0,37.0,85.0
RM705,20170320,09:02:47.0,2395.0,0.0,2394.0,2395.0,35.0,86.0
RM705,20170320,09:02:47.5,2395.0,0.0,2394.0,2395.0,42.0,96.0
RM705,20170320,09:02:48.0,2395.0,0.0,2394.0,2395.0,93.0,77.0
RM705,20170320,09:02:48.5,2394.0,0.0,2394.0,2395.0,88.0,108.0
RM705,20170320,09:02:49.0,2394.0,0.0,2394.0,2395.0,81.0,60.0
RM705,20170320,09:02:49.5,2394.0,0.0,2394.0,2395.0,78.0,60.0
RM705,20170320,09:02:50.0,2395.0,0.0,2395.0,2396.0,241.0,128.0
RM705,20170320,09:02:50.5,2397.0,0.0,2395.0,2397.0,242.0,11.0
RM705,20170320,09:02:51.0,2396.0,0.0,2396.0,2397.0,26.0,77.0
RM705,20170320,09:02:51.5,2396.0,0.0,2395.0,2396.0,241.0,15.0
RM705,20170320,09:02:52.0,2395.0,0.0,2395.0,2396.0,233.0,16.0
RM705,20170320,09:02:52.5,2396.0,0.0,2396.0,2397.0,42.0,83.0
RM705,20170320,09:02:53.0,2396.0,0.0,2396.0,2397.0,24.0,47.0
RM705,20170320,09:02:53.5,2396.0,0.0,2396.0,2397.0,10.0,45.0
RM705,20170320,09:02:54.0,2396.0,0.0,2396.0,2397.0,8.0,31.0
RM705,20170320,09:02:54.5,2397.0,0.0,2396.0,2397.0,9.0,30.0
RM705,20170320,09:02:55.0,2396.0,0.0,2396.0,2397.0,5.0,22.0
RM705,20170320,09:02:55.5,2397.0,0.0,2396.0,2397.0,3.0,25.0
RM705,20170320,09:02:56.0,2396.0,0.0,2395.0,2397.0,280.0,19.0
RM705,20170320,09:02:56.5,2396.0,0.0,2396.0,2397.0,12.0,25.0
RM705,20170320,09:02:57.0,2397.0,0.0,2396.0,2397.0,12.0,42.0
RM705,20170320,09:02:57.5,2396.0,0.0,2396.0,2397.0,62.0,52.0
RM705,20170320,09:02:58.0,2397.0,0.0,2397.0,2398.0,126.0,75.0
RM705,20170320,09:02:58.5,2397.0,0.0,2397.0,2398.0,111.0,67.0
RM705,20170320,09:02:59.0,2398.0,0.0,2397.0,2398.0,91.0,45.0
RM705,20170320,09:02:59.5,2398.0,0.0,2397.0,2398.0,82.0,14.0
RM705,20170320,09:03:00.0,2397.0,0.0,2397.0,2398.0,78.0,11.0
RM705,20170320,09:03:00.5,2399.0,0.0,2397.0,2398.0,85.0,4.0
RM705,20170320,09:03:01.0,2397.0,0.0,2397.0,2399.0,58.0,293.0
RM705,20170320,09:03:01.5,2399.0,0.0,2398.0,2399.0,27.0,272.0
RM705,20170320,09:03:02.0,2398.0,0.0,2397.0,2398.0,61.0,4.0
RM705,20170320,09:03:02.5,2398.0,0.0,2397.0,2398.0,76.0,2.0
RM705,20170320,09:03:03.0,2398.0,0.0,2398.0,2399.0,3.0,221.0
RM705,20170320,09:03:03.5,2398.0,0.0,2397.0,2399.0,85.0,236.0
RM705,20170320,09:03:04.0,2398.0,0.0,2398.0,2399.0,45.0,236.0
RM705,20170320,09:03:04.5,2398.0,0.0,2397.0,2399.0,95.0,235.0
RM705,20170320,09:03:05.0,2398.0,0.0,2398.0,2399.0,38.0,221.0
RM705,20170320,09:03:05.5,2398.0,0.0,2398.0,2399.0,35.0,186.0
RM705,20170320,09:03:06.0,2398.0,0.0,2398.0,2399.0,42.0,152.0
RM705,20170320,09:03:06.5,2399.0,0.0,2398.0,2399.0,72.0,152.0
RM705,20170320,09:03:07.0,2399.0,0.0,2398.0,2399.0,56.0,141.0
RM705,20170320,09:03:07.5,2398.0,0.0,2398.0,2399.0,43.0,144.0
RM705,20170320,09:03:08.0,2398.0,0.0,2398.0,2399.0,54.0,129.0
RM705,20170320,09:03:08.5,2398.0,0.0,2398.0,2400.0,56.0,783.0
RM705,20170320,09:03:09.0,2400.0,0.0,2399.0,2400.0,16.0,770.0
RM705,20170320,09:03:09.5,2398.0,0.0,2398.0,2399.0,18.0,30.0
RM705,20170320,09:03:10.0,2399.0,0.0,2398.0,2399.0,11.0,9.0
RM705,20170320,09:03:10.5,2399.0,0.0,2398.0,2399.0,6.0,175.0
RM705,20170320,09:03:11.0,2399.0,0.0,2397.0,2399.0,83.0,194.0
RM705,20170320,09:03:11.5,2399.0,0.0,2397.0,2399.0,72.0,178.0
RM705,20170320,09:03:12.0,2399.0,0.0,2397.0,2399.0,122.0,132.0
RM705,20170320,09:03:12.5,2397.0,0.0,2397.0,2399.0,72.0,113.0
RM705,20170320,09:03:13.0,2399.0,0.0,2397.0,2398.0,84.0,1.0
RM705,20170320,09:03:13.5,2398.0,0.0,2398.0,2399.0,18.0,139.0
RM705,20170320,09:03:14.0,2398.0,0.0,2397.0,2398.0,80.0,4.0
RM705,20170320,09:03:14.5,2397.0,0.0,2397.0,2398.0,79.0,14.0
RM705,20170320,09:03:15.0,2398.0,0.0,2397.0,2399.0,79.0,133.0
RM705,20170320,09:03:15.5,2397.0,0.0,2397.0,2398.0,78.0,2.0
RM705,20170320,09:03:16.0,2397.0,0.0,2397.0,2398.0,4.0,19.0
RM705,20170320,09:03:16.5,2398.0,0.0,2397.0,2398.0,11.0,50.0
RM705,20170320,09:03:17.0,2398.0,0.0,2397.0,2398.0,11.0,59.0
RM705,20170320,09:03:17.5,2397.0,0.0,2397.0,2398.0,8.0,53.0
RM705,20170320,09:03:18.0,2398.0,0.0,2397.0,2398.0,2.0,50.0
RM705,20170320,09:03:18.5,2396.0,0.0,2396.0,2397.0,55.0,15.0
RM705,20170320,09:03:19.0,2397.0,0.0,2396.0,2397.0,43.0,31.0
RM705,20170320,09:03:19.5,2396.0,0.0,2396.0,2398.0,42.0,93.0
RM705,20170320,09:03:20.0,2397.0,0.0,2396.0,2398.0,51.0,94.0
RM705,20170320,09:03:20.5,2397.0,0.0,2396.0,2397.0,55.0,1.0
RM705,20170320,09:03:21.0,2397.0,0.0,2396.0,2398.0,64.0,95.0
RM705,20170320,09:03:21.5,2398.0,0.0,2397.0,2398.0,3.0,88.0
RM705,20170320,09:03:22.0,2397.0,0.0,2396.0,2398.0,65.0,98.0
RM705,20170320,09:03:22.5,2396.0,0.0,2396.0,2397.0,67.0,4.0
RM705,20170320,09:03:23.0,2396.0,0.0,2396.0,2397.0,66.0,16.0
RM705,20170320,09:03:23.5,2397.0,0.0,2396.0,2397.0,66.0,14.0
RM705,20170320,09:03:24.0,2397.0,0.0,2395.0,2397.0,65.0,70.0
RM705,20170320,09:03:24.5,2397.0,0.0,2395.0,2397.0,65.0,50.0
RM705,20170320,09:03:25.0,2397.0,0.0,2395.0,2396.0,66.0,20.0
RM705,20170320,09:03:25.5,2396.0,0.0,2395.0,2396.0,58.0,18.0
RM705,20170320,09:03:26.0,2396.0,0.0,2395.0,2396.0,74.0,20.0
RM705,20170320,09:03:26.5,2396.0,0.0,2395.0,2396.0,73.0,10.0
RM705,20170320,09:03:27.0,2395.0,0.0,2395.0,2396.0,75.0,6.0
RM705,20170320,09:03:27.5,2396.0,0.0,2395.0,2396.0,69.0,5.0
RM705,20170320,09:03:28.0,2395.0,0.0,2395.0,2396.0,70.0,5.0
RM705,20170320,09:03:28.5,2395.0,0.0,2395.0,2396.0,71.0,3.0
RM705,20170320,09:03:29.0,2395.0,0.0,2395.0,2396.0,55.0,4.0
RM705,20170320,09:03:29.5,2395.0,0.0,2395.0,2396.0,43.0,3.0
RM705,20170320,09:03:30.0,2396.0,0.0,2396.0,2397.0,13.0,110.0
RM705,20170320,09:03:30.5,2395.0,0.0,2394.0,2395.0,86.0,4.0
RM705,20170320,09:03:31.0,2396.0,0.0,2395.0,2396.0,8.0,46.0
RM705,20170320,09:03:31.5,2395.0,0.0,2395.0,2396.0,2.0,46.0
RM705,20170320,09:03:32.0,2395.0,0.0,2394.0,2396.0,104.0,24.0
RM705,20170320,09:03:32.5,2395.0,0.0,2395.0,2396.0,11.0,26.0
RM705,20170320,09:03:33.0,2395.0,0.0,2395.0,2396.0,23.0,76.0
RM705,20170320,09:03:33.5,2396.0,0.0,2395.0,2396.0,1.0,73.0
RM705,20170320,09:03:34.0,2396.0,0.0,2395.0,2396.0,25.0,77.0
RM705,20170320,09:03:34.5,2395.0,0.0,2395.0,2396.0,16.0,77.0
RM705,20170320,09:03:35.0,2395.0,0.0,2395.0,2396.0,18.0,79.0
RM705,20170320,09:03:35.5,2395.0,0.0,2395.0,2396.0,15.0,79.0
RM705,20170320,09:03:36.0,2395.0,0.0,2395.0,2396.0,13.0,80.0
RM705,20170320,09:03:36.5,2395.0,0.0,2395.0,2396.0,9.0,83.0
RM705,20170320,09:03:37.0,2395.0,0.0,2395.0,2396.0,4.0,84.0
RM705,20170320,09:03:37.5,2395.0,0.0,2394.0,2395.0,83.0,1.0
RM705,20170320,09:03:38.0,2394.0,0.0,2394.0,2396.0,80.0,82.0
RM705,20170320,09:03:38.5,2395.0,0.0,2394.0,2396.0,80.0,82.0
RM705,20170320,09:03:39.0,2395.0,0.0,2395.0,2396.0,2.0,83.0
RM705,20170320,09:03:39.5,2395.0,0.0,2395.0,2396.0,4.0,84.0
RM705,20170320,09:03:40.0,2395.0,0.0,2394.0,2395.0,80.0,1.0
RM705,20170320,09:03:40.5,2395.0,0.0,2394.0,2395.0,80.0,1.0
RM705,20170320,09:03:41.0,2394.0,0.0,2394.0,2396.0,62.0,88.0
RM705,20170320,09:03:41.5,2395.0,0.0,2394.0,2396.0,61.0,98.0
RM705,20170320,09:03:42.0,2394.0,0.0,2394.0,2395.0,59.0,13.0
RM705,20170320,09:03:42.5,2395.0,0.0,2394.0,2395.0,49.0,49.0
RM705,20170320,09:03:43.0,2395.0,0.0,2394.0,2395.0,54.0,55.0
RM705,20170320,09:03:43.5,2394.0,0.0,2394.0,2395.0,50.0,59.0
RM705,20170320,09:03:44.0,2394.0,0.0,2394.0,2395.0,56.0,40.0
RM705,20170320,09:03:44.5,2394.0,0.0,2394.0,2395.0,10.0,32.0
RM705,20170320,09:03:45.0,2394.0,0.0,2394.0,2395.0,23.0,26.0
RM705,20170320,09:03:45.5,2394.0,0.0,2394.0,2395.0,24.0,26.0
RM705,20170320,09:03:46.0,2395.0,0.0,2394.0,2395.0,41.0,24.0
RM705,20170320,09:03:46.5,2394.0,0.0,2394.0,2395.0,30.0,62.0
RM705,20170320,09:03:47.0,2395.0,0.0,2394.0,2395.0,12.0,82.0
RM705,20170320,09:03:47.5,2394.0,0.0,2394.0,2395.0,5.0,84.0
RM705,20170320,09:03:48.0,2395.0,0.0,2394.0,2395.0,10.0,82.0
RM705,20170320,09:03:48.5,2394.0,0.0,2394.0,2395.0,10.0,86.0
RM705,20170320,09:03:49.0,2394.0,0.0,2394.0,2395.0,9.0,87.0
RM705,20170320,09:03:49.5,2394.0,0.0,2394.0,2395.0,67.0,95.0
RM705,20170320,09:03:50.0,2395.0,0.0,2394.0,2395.0,91.0,74.0
RM705,20170320,09:03:50.5,2394.0,0.0,2394.0,2395.0,86.0,79.0
RM705,20170320,09:03:51.0,2395.0,0.0,2394.0,2395.0,74.0,54.0
RM705,20170320,09:03:51.5,2394.0,0.0,2394.0,2395.0,63.0,40.0
RM705,20170320,09:03:52.0,2394.0,0.0,2394.0,2395.0,50.0,35.0
RM705,20170320,09:03:52.5,2394.0,0.0,2394.0,2395.0,49.0,37.0
RM705,20170320,09:03:53.0,2394.0,0.0,2394.0,2395.0,75.0,52.0
RM705,20170320,09:03:53.5,2394.0,0.0,2394.0,2395.0,61.0,73.0
RM705,20170320,09:03:54.0,2394.0,0.0,2394.0,2395.0,61.0,75.0
RM705,20170320,09:03:54.5,2395.0,0.0,2394.0,2395.0,71.0,74.0
RM705,20170320,09:03:55.0,2394.0,0.0,2394.0,2395.0,73.0,85.0
RM705,20170320,09:03:55.5,2395.0,0.0,2394.0,2395.0,72.0,80.0
RM705,20170320,09:03:56.0,2395.0,0.0,2394.0,2395.0,73.0,83.0
RM705,20170320,09:03:56.5,2394.0,0.0,2394.0,2395.0,46.0,79.0
RM705,20170320,09:03:57.0,2394.0,0.0,2394.0,2395.0,5.0,120.0
RM705,20170320,09:03:57.5,2395.0,0.0,2394.0,2395.0,9.0,139.0
RM705,20170320,09:03:58.0,2394.0,0.0,2394.0,2395.0,19.0,142.0
RM705,20170320,09:03:58.5,2394.0,0.0,2393.0,2395.0,215.0,143.0
RM705,20170320,09:03:59.0,2394.0,0.0,2393.0,2394.0,203.0,2.0
RM705,20170320,09:03:59.5,2393.0,0.0,2393.0,2394.0,202.0,4.0
RM705,20170320,09:04:00.0,2395.0,0.0,2393.0,2395.0,313.0,143.0
RM705,20170320,09:04:00.5,2393.0,0.0,2393.0,2395.0,259.0,123.0
RM705,20170320,09:04:01.0,2393.0,0.0,2394.0,2395.0,8.0,153.0
RM705,20170320,09:04:01.5,2395.0,0.0,2394.0,2395.0,37.0,153.0
RM705,20170320,09:04:02.0,2394.0,0.0,2394.0,2395.0,22.0,150.0
RM705,20170320,09:04:02.5,2394.0,0.0,2394.0,2395.0,18.0,150.0
RM705,20170320,09:04:03.0,2394.0,0.0,2393.0,2395.0,271.0,123.0
RM705,20170320,09:04:03.5,2395.0,0.0,2394.0,2395.0,9.0,123.0
RM705,20170320,09:04:04.0,2394.0,0.0,2394.0,2395.0,14.0,123.0
RM705,20170320,09:04:04.5,2394.0,0.0,2394.0,2395.0,53.0,124.0
RM705,20170320,09:04:05.0,2394.0,0.0,2394.0,2395.0,52.0,132.0
RM705,20170320,09:04:05.5,2394.0,0.0,2394.0,2395.0,65.0,132.0
RM705,20170320,09:04:06.0,2395.0,0.0,2394.0,2395.0,80.0,130.0
RM705,20170320,09:04:06.5,2394.0,0.0,2394.0,2395.0,74.0,130.0
RM705,20170320,09:04:07.0,2394.0,0.0,2394.0,2395.0,73.0,143.0
RM705,20170320,09:04:07.5,2394.0,0.0,2394.0,2395.0,85.0,145.0
RM705,20170320,09:04:08.0,2394.0,0.0,2394.0,2395.0,85.0,147.0
RM705,20170320,09:04:08.5,2394.0,0.0,2394.0,2395.0,26.0,108.0
RM705,20170320,09:04:09.0,2394.0,0.0,2394.0,2395.0,42.0,123.0
RM705,20170320,09:04:09.5,2395.0,0.0,2394.0,2395.0,39.0,129.0
RM705,20170320,09:04:10.0,2394.0,0.0,2394.0,2395.0,38.0,129.0
RM705,20170320,09:04:10.5,2394.0,0.0,2394.0,2395.0,39.0,129.0
RM705,20170320,09:04:11.0,2394.0,0.0,2394.0,2395.0,38.0,128.0
RM705,20170320,09:04:11.5,2394.0,0.0,2394.0,2395.0,18.0,149.0
RM705,20170320,09:04:12.0,2394.0,0.0,2394.0,2395.0,15.0,155.0
RM705,20170320,09:04:12.5,2394.0,0.0,2394.0,2395.0,17.0,156.0
RM705,20170320,09:04:13.0,2395.0,0.0,2394.0,2395.0,16.0,154.0
RM705,20170320,09:04:13.5,2394.0,0.0,2394.0,2395.0,24.0,135.0
RM705,20170320,09:04:14.0,2395.0,0.0,2395.0,2396.0,21.0,96.0
RM705,20170320,09:04:14.5,2395.0,0.0,2395.0,2396.0,9.0,93.0
RM705,20170320,09:04:15.0,2396.0,0.0,2395.0,2396.0,83.0,48.0
RM705,20170320,09:04:15.5,2395.0,0.0,2395.0,2396.0,39.0,5.0
RM705,20170320,09:04:16.0,2395.0,0.0,2395.0,2396.0,115.0,6.0
RM705,20170320,09:04:16.5,2395.0,0.0,2395.0,2396.0,107.0,2.0
RM705,20170320,09:04:17.0,2395.0,0.0,2395.0,2396.0,99.0,51.0
RM705,20170320,09:04:17.5,2395.0,0.0,2395.0,2396.0,95.0,50.0
RM705,20170320,09:04:18.0,2396.0,0.0,2395.0,2396.0,58.0,38.0
RM705,20170320,09:04:19.0,2395.0,0.0,2395.0,2396.0,34.0,16.0
RM705,20170320,09:04:19.5,2395.0,0.0,2395.0,2396.0,59.0,21.0
RM705,20170320,09:04:20.0,2396.0,0.0,2395.0,2396.0,26.0,27.0
RM705,20170320,09:04:20.5,2396.0,0.0,2395.0,2396.0,26.0,12.0
RM705,20170320,09:04:21.0,2396.0,0.0,2395.0,2396.0,30.0,2.0
RM705,20170320,09:04:21.5,2396.0,0.0,2395.0,2396.0,29.0,1.0
RM705,20170320,09:04:22.0,2396.0,0.0,2395.0,2396.0,28.0,9.0
RM705,20170320,09:04:22.5,2396.0,0.0,2395.0,2396.0,39.0,14.0
RM705,20170320,09:04:23.0,2396.0,0.0,2395.0,2396.0,39.0,6.0
RM705,20170320,09:04:23.5,2396.0,0.0,2396.0,2397.0,19.0,60.0
RM705,20170320,09:04:24.0,2396.0,0.0,2396.0,2397.0,29.0,59.0
RM705,20170320,09:04:24.5,2395.0,0.0,2396.0,2397.0,1.0,74.0
RM705,20170320,09:04:25.0,2395.0,0.0,2396.0,2397.0,5.0,81.0
RM705,20170320,09:04:25.5,2395.0,0.0,2395.0,2396.0,34.0,3.0
RM705,20170320,09:04:26.0,2396.0,0.0,2396.0,2397.0,11.0,98.0
RM705,20170320,09:04:26.5,2396.0,0.0,2396.0,2397.0,2.0,78.0
RM705,20170320,09:04:27.0,2397.0,0.0,2395.0,2397.0,13.0,71.0
RM705,20170320,09:04:27.5,2395.0,0.0,2395.0,2396.0,31.0,8.0
RM705,20170320,09:04:28.0,2395.0,0.0,2395.0,2396.0,30.0,7.0
RM705,20170320,09:04:28.5,2396.0,0.0,2395.0,2396.0,9.0,54.0
RM705,20170320,09:04:29.0,2395.0,0.0,2395.0,2396.0,77.0,64.0
RM705,20170320,09:04:29.5,2395.0,0.0,2395.0,2396.0,50.0,84.0
RM705,20170320,09:04:30.0,2395.0,0.0,2394.0,2395.0,47.0,1.0
RM705,20170320,09:04:30.5,2395.0,0.0,2394.0,2395.0,68.0,7.0
RM705,20170320,09:04:31.0,2395.0,0.0,2394.0,2395.0,68.0,33.0
RM705,20170320,09:04:31.5,2395.0,0.0,2394.0,2395.0,68.0,33.0
RM705,20170320,09:04:32.0,2395.0,0.0,2394.0,2395.0,80.0,34.0
RM705,20170320,09:04:32.5,2395.0,0.0,2394.0,2395.0,80.0,33.0
RM705,20170320,09:04:33.0,2395.0,0.0,2394.0,2395.0,85.0,33.0
RM705,20170320,09:04:33.5,2394.0,0.0,2394.0,2395.0,84.0,28.0
RM705,20170320,09:04:34.0,2395.0,0.0,2394.0,2395.0,87.0,22.0
RM705,20170320,09:04:34.5,2395.0,0.0,2394.0,2395.0,97.0,21.0
RM705,20170320,09:04:35.0,2394.0,0.0,2394.0,2395.0,95.0,19.0
RM705,20170320,09:04:35.5,2394.0,0.0,2394.0,2395.0,90.0,19.0
RM705,20170320,09:04:36.0,2394.0,0.0,2394.0,2395.0,87.0,19.0
RM705,20170320,09:04:36.5,2395.0,0.0,2394.0,2395.0,101.0,2.0
RM705,20170320,09:04:37.0,2394.0,0.0,2395.0,2396.0,1.0,108.0
RM705,20170320,09:04:37.5,2394.0,0.0,2394.0,2396.0,73.0,108.0
RM705,20170320,09:04:38.0,2394.0,0.0,2394.0,2396.0,72.0,108.0
RM705,20170320,09:04:38.5,2394.0,0.0,2395.0,2396.0,1.0,108.0
RM705,20170320,09:04:39.0,2396.0,0.0,2394.0,2395.0,95.0,3.0
RM705,20170320,09:04:39.5,2394.0,0.0,2394.0,2396.0,64.0,107.0
RM705,20170320,09:04:40.0,2396.0,0.0,2394.0,2395.0,85.0,1.0
RM705,20170320,09:04:40.5,2394.0,0.0,2394.0,2395.0,84.0,1.0
RM705,20170320,09:04:41.0,2394.0,0.0,2394.0,2395.0,83.0,2.0
RM705,20170320,09:04:41.5,2395.0,0.0,2394.0,2395.0,74.0,4.0
RM705,20170320,09:04:42.0,2395.0,0.0,2394.0,2395.0,74.0,13.0
RM705,20170320,09:04:42.5,2394.0,0.0,2394.0,2395.0,71.0,15.0
RM705,20170320,09:04:43.0,2394.0,0.0,2394.0,2395.0,73.0,11.0
RM705,20170320,09:04:43.5,2395.0,0.0,2394.0,2395.0,103.0,5.0
RM705,20170320,09:04:44.0,2395.0,0.0,2394.0,2395.0,107.0,6.0
RM705,20170320,09:04:44.5,2394.0,0.0,2394.0,2395.0,105.0,7.0
RM705,20170320,09:04:45.0,2394.0,0.0,2394.0,2395.0,82.0,89.0
RM705,20170320,09:04:45.5,2395.0,0.0,2394.0,2395.0,82.0,100.0
RM705,20170320,09:04:46.0,2395.0,0.0,2394.0,2395.0,82.0,103.0
RM705,20170320,09:04:46.5,2395.0,0.0,2394.0,2395.0,87.0,113.0
RM705,20170320,09:04:47.0,2395.0,0.0,2394.0,2395.0,87.0,119.0
RM705,20170320,09:04:47.5,2394.0,0.0,2394.0,2395.0,85.0,119.0
RM705,20170320,09:04:48.0,2395.0,0.0,2394.0,2395.0,84.0,139.0
RM705,20170320,09:04:48.5,2394.0,0.0,2394.0,2395.0,83.0,140.0
RM705,20170320,09:04:49.0,2395.0,0.0,2394.0,2395.0,83.0,149.0
RM705,20170320,09:04:49.5,2395.0,0.0,2394.0,2395.0,83.0,161.0
RM705,20170320,09:04:50.0,2395.0,0.0,2394.0,2395.0,76.0,170.0
RM705,20170320,09:04:50.5,2394.0,0.0,2394.0,2395.0,75.0,171.0
RM705,20170320,09:04:51.0,2394.0,0.0,2394.0,2395.0,75.0,159.0
RM705,20170320,09:04:51.5,2394.0,0.0,2394.0,2395.0,75.0,160.0
RM705,20170320,09:04:52.0,2394.0,0.0,2394.0,2395.0,74.0,160.0
RM705,20170320,09:04:52.5,2394.0,0.0,2394.0,2395.0,70.0,160.0
RM705,20170320,09:04:53.0,2394.0,0.0,2394.0,2395.0,63.0,160.0
RM705,20170320,09:04:53.5,2394.0,0.0,2394.0,2395.0,62.0,156.0
RM705,20170320,09:04:54.0,2395.0,0.0,2394.0,2395.0,55.0,147.0
RM705,20170320,09:04:54.5,2395.0,0.0,2394.0,2395.0,48.0,157.0
RM705,20170320,09:04:55.5,2395.0,0.0,2394.0,2395.0,44.0,121.0
RM705,20170320,09:04:56.0,2395.0,0.0,2394.0,2395.0,43.0,121.0
RM705,20170320,09:04:56.5,2394.0,0.0,2394.0,2395.0,42.0,121.0
RM705,20170320,09:04:57.0,2394.0,0.0,2394.0,2395.0,36.0,120.0
RM705,20170320,09:04:57.5,2394.0,0.0,2394.0,2395.0,42.0,125.0
RM705,20170320,09:04:58.0,2395.0,0.0,2394.0,2395.0,53.0,123.0
RM705,20170320,09:04:58.5,2395.0,0.0,2394.0,2395.0,46.0,131.0
RM705,20170320,09:04:59.0,2395.0,0.0,2394.0,2395.0,75.0,119.0
RM705,20170320,09:04:59.5,2394.0,0.0,2394.0,2395.0,80.0,108.0
RM705,20170320,09:05:00.0,2394.0,0.0,2394.0,2395.0,79.0,108.0
RM705,20170320,09:05:00.5,2394.0,0.0,2394.0,2395.0,79.0,102.0
RM705,20170320,09:05:01.0,2395.0,0.0,2394.0,2395.0,83.0,25.0
RM705,20170320,09:05:01.5,2396.0,0.0,2395.0,2396.0,40.0,45.0
RM705,20170320,09:05:02.0,2396.0,0.0,2396.0,2397.0,3.0,139.0
RM705,20170320,09:05:02.5,2397.0,0.0,2396.0,2397.0,66.0,108.0
RM705,20170320,09:05:03.0,2396.0,0.0,2396.0,2397.0,123.0,111.0
RM705,20170320,09:05:03.5,2396.0,0.0,2396.0,2397.0,118.0,112.0
RM705,20170320,09:05:04.0,2396.0,0.0,2396.0,2397.0,115.0,115.0
RM705,20170320,09:05:04.5,2396.0,0.0,2396.0,2397.0,93.0,131.0
RM705,20170320,09:05:05.0,2396.0,0.0,2396.0,2397.0,5.0,138.0
RM705,20170320,09:05:05.5,2396.0,0.0,2396.0,2397.0,14.0,144.0
RM705,20170320,09:05:06.0,2397.0,0.0,2396.0,2397.0,14.0,137.0
RM705,20170320,09:05:06.5,2396.0,0.0,2396.0,2397.0,16.0,149.0
RM705,20170320,09:05:07.0,2396.0,0.0,2396.0,2397.0,22.0,151.0
RM705,20170320,09:05:07.5,2396.0,0.0,2395.0,2396.0,58.0,2.0
RM705,20170320,09:05:08.0,2396.0,0.0,2395.0,2396.0,74.0,18.0
RM705,20170320,09:05:08.5,2395.0,0.0,2394.0,2395.0,127.0,4.0
RM705,20170320,09:05:09.0,2395.0,0.0,2394.0,2395.0,135.0,7.0
RM705,20170320,09:05:09.5,2395.0,0.0,2394.0,2395.0,139.0,1.0
RM705,20170320,09:05:10.0,2395.0,0.0,2394.0,2396.0,131.0,80.0
RM705,20170320,09:05:10.5,2395.0,0.0,2395.0,2396.0,5.0,76.0
RM705,20170320,09:05:11.0,2395.0,0.0,2395.0,2396.0,69.0,76.0
RM705,20170320,09:05:11.5,2395.0,0.0,2395.0,2396.0,101.0,62.0
RM705,20170320,09:05:12.0,2395.0,0.0,2395.0,2396.0,140.0,62.0
RM705,20170320,09:05:12.5,2396.0,0.0,2396.0,2397.0,137.0,214.0
RM705,20170320,09:05:13.0,2396.0,0.0,2396.0,2397.0,8.0,228.0
RM705,20170320,09:05:13.5,2396.0,0.0,2395.0,2397.0,154.0,228.0
RM705,20170320,09:05:14.0,2395.0,0.0,2395.0,2396.0,154.0,31.0
RM705,20170320,09:05:14.5,2396.0,0.0,2395.0,2396.0,164.0,31.0
RM705,20170320,09:05:15.0,2396.0,0.0,2395.0,2396.0,163.0,26.0
RM705,20170320,09:05:15.5,2396.0,0.0,2395.0,2396.0,178.0,25.0
RM705,20170320,09:05:16.0,2396.0,0.0,2395.0,2396.0,181.0,40.0
RM705,20170320,09:05:16.5,2395.0,0.0,2395.0,2396.0,198.0,12.0
RM705,20170320,09:05:17.0,2395.0,0.0,2395.0,2396.0,196.0,11.0
RM705,20170320,09:05:17.5,2395.0,0.0,2395.0,2396.0,225.0,26.0
RM705,20170320,09:05:18.0,2395.0,0.0,2395.0,2396.0,206.0,189.0
RM705,20170320,09:05:18.5,2395.0,0.0,2395.0,2396.0,190.0,209.0
RM705,20170320,09:05:19.0,2395.0,0.0,2395.0,2396.0,185.0,212.0
RM705,20170320,09:05:19.5,2396.0,0.0,2395.0,2396.0,180.0,213.0
RM705,20170320,09:05:20.0,2396.0,0.0,2395.0,2396.0,180.0,209.0
RM705,20170320,09:05:20.5,2396.0,0.0,2395.0,2396.0,186.0,209.0
RM705,20170320,09:05:21.0,2396.0,0.0,2395.0,2396.0,185.0,208.0
RM705,20170320,09:05:21.5,2395.0,0.0,2395.0,2396.0,169.0,213.0
RM705,20170320,09:05:22.0,2396.0,0.0,2395.0,2396.0,169.0,214.0
RM705,20170320,09:05:22.5,2396.0,0.0,2395.0,2396.0,169.0,219.0
RM705,20170320,09:05:23.0,2396.0,0.0,2396.0,2397.0,79.0,236.0
RM705,20170320,09:05:23.5,2396.0,0.0,2396.0,2397.0,76.0,235.0
RM705,20170320,09:05:24.0,2396.0,0.0,2396.0,2397.0,93.0,234.0
RM705,20170320,09:05:24.5,2396.0,0.0,2396.0,2397.0,84.0,223.0
RM705,20170320,09:05:25.0,2396.0,0.0,2396.0,2397.0,72.0,212.0
RM705,20170320,09:05:25.5,2396.0,0.0,2396.0,2397.0,49.0,215.0
RM705,20170320,09:05:26.0,2396.0,0.0,2396.0,2397.0,37.0,226.0
RM705,20170320,09:05:26.5,2396.0,0.0,2396.0,2397.0,23.0,228.0
RM705,20170320,09:05:27.0,2396.0,0.0,2396.0,2397.0,23.0,228.0
RM705,20170320,09:05:27.5,2396.0,0.0,2396.0,2397.0,32.0,228.0
RM705,20170320,09:05:28.0,2396.0,0.0,2396.0,2397.0,17.0,225.0
RM705,20170320,09:05:28.5,2396.0,0.0,2396.0,2397.0,24.0,224.0
RM705,20170320,09:05:29.0,2396.0,0.0,2396.0,2397.0,16.0,231.0
RM705,20170320,09:05:29.5,2397.0,0.0,2396.0,2397.0,21.0,225.0
RM705,20170320,09:05:30.0,2396.0,0.0,2395.0,2396.0,155.0,179.0
RM705,20170320,09:05:30.5,2396.0,0.0,2395.0,2396.0,177.0,178.0
RM705,20170320,09:05:31.0,2395.0,0.0,2395.0,2396.0,178.0,197.0
RM705,20170320,09:05:31.5,2395.0,0.0,2395.0,2396.0,191.0,198.0
RM705,20170320,09:05:32.0,2395.0,0.0,2395.0,2396.0,196.0,198.0
RM705,20170320,09:05:32.5,2395.0,0.0,2395.0,2396.0,195.0,225.0
RM705,20170320,09:05:33.0,2396.0,0.0,2395.0,2396.0,193.0,223.0
RM705,20170320,09:05:33.5,2396.0,0.0,2395.0,2396.0,193.0,226.0
RM705,20170320,09:05:34.0,2395.0,0.0,2395.0,2396.0,190.0,226.0
RM705,20170320,09:05:34.5,2395.0,0.0,2395.0,2396.0,162.0,226.0
RM705,20170320,09:05:35.0,2395.0,0.0,2395.0,2396.0,148.0,246.0
RM705,20170320,09:05:35.5,2395.0,0.0,2395.0,2396.0,146.0,214.0
RM705,20170320,09:05:36.0,2395.0,0.0,2395.0,2396.0,147.0,216.0
RM705,20170320,09:05:36.5,2395.0,0.0,2395.0,2396.0,144.0,210.0
RM705,20170320,09:05:37.0,2395.0,0.0,2395.0,2396.0,138.0,212.0
RM705,20170320,09:05:37.5,2395.0,0.0,2395.0,2396.0,133.0,208.0
RM705,20170320,09:05:38.0,2395.0,0.0,2395.0,2396.0,101.0,206.0
RM705,20170320,09:05:38.5,2395.0,0.0,2395.0,2396.0,101.0,201.0
RM705,20170320,09:05:39.0,2395.0,0.0,2395.0,2396.0,100.0,203.0
RM705,20170320,09:05:39.5,2396.0,0.0,2395.0,2396.0,100.0,201.0
RM705,20170320,09:05:40.0,2396.0,0.0,2395.0,2396.0,100.0,206.0
RM705,20170320,09:05:40.5,2395.0,0.0,2395.0,2396.0,100.0,209.0
RM705,20170320,09:05:41.0,2395.0,0.0,2395.0,2396.0,4.0,229.0
RM705,20170320,09:05:41.5,2395.0,0.0,2395.0,2396.0,22.0,229.0
RM705,20170320,09:05:42.0,2395.0,0.0,2395.0,2396.0,27.0,215.0
RM705,20170320,09:05:42.5,2395.0,0.0,2395.0,2396.0,29.0,216.0
RM705,20170320,09:05:43.0,2395.0,0.0,2395.0,2396.0,23.0,226.0
RM705,20170320,09:05:43.5,2395.0,0.0,2395.0,2396.0,23.0,227.0
RM705,20170320,09:05:44.0,2395.0,0.0,2395.0,2396.0,21.0,229.0
RM705,20170320,09:05:44.5,2395.0,0.0,2395.0,2396.0,11.0,231.0
RM705,20170320,09:05:45.0,2396.0,0.0,2395.0,2396.0,8.0,231.0
RM705,20170320,09:05:45.5,2396.0,0.0,2395.0,2396.0,64.0,232.0
RM705,20170320,09:05:46.0,2395.0,0.0,2395.0,2396.0,64.0,232.0
RM705,20170320,09:05:46.5,2395.0,0.0,2395.0,2396.0,69.0,232.0
RM705,20170320,09:05:47.0,2396.0,0.0,2395.0,2396.0,99.0,228.0
RM705,20170320,09:05:47.5,2396.0,0.0,2395.0,2396.0,102.0,219.0
RM705,20170320,09:05:48.0,2395.0,0.0,2395.0,2396.0,92.0,219.0
RM705,20170320,09:05:48.5,2395.0,0.0,2395.0,2396.0,73.0,219.0
RM705,20170320,09:05:49.0,2395.0,0.0,2395.0,2396.0,63.0,220.0
RM705,20170320,09:05:49.5,2395.0,0.0,2395.0,2396.0,11.0,215.0
RM705,20170320,09:05:50.0,2395.0,0.0,2395.0,2396.0,12.0,226.0
RM705,20170320,09:05:50.5,2396.0,0.0,2394.0,2396.0,102.0,199.0
RM705,20170320,09:05:51.0,2396.0,0.0,2394.0,2395.0,129.0,1.0
RM705,20170320,09:05:51.5,2396.0,0.0,2394.0,2395.0,136.0,1.0
RM705,20170320,09:05:52.0,2396.0,0.0,2394.0,2395.0,136.0,24.0
RM705,20170320,09:05:52.5,2396.0,0.0,2394.0,2395.0,136.0,65.0
RM705,20170320,09:05:53.0,2395.0,0.0,2394.0,2395.0,136.0,35.0
RM705,20170320,09:05:53.5,2394.0,0.0,2394.0,2395.0,130.0,37.0
RM705,20170320,09:05:54.0,2394.0,0.0,2394.0,2395.0,130.0,38.0
RM705,20170320,09:05:54.5,2395.0,0.0,2394.0,2395.0,119.0,38.0
RM705,20170320,09:05:55.0,2394.0,0.0,2394.0,2395.0,93.0,38.0
RM705,20170320,09:05:55.5,2394.0,0.0,2394.0,2396.0,65.0,160.0
RM705,20170320,09:05:56.0,2394.0,0.0,2394.0,2395.0,54.0,6.0
RM705,20170320,09:05:56.5,2395.0,0.0,2395.0,2396.0,109.0,169.0
RM705,20170320,09:05:57.0,2395.0,0.0,2395.0,2396.0,111.0,183.0
RM705,20170320,09:05:57.5,2395.0,0.0,2395.0,2396.0,118.0,183.0
RM705,20170320,09:05:58.0,2395.0,0.0,2395.0,2396.0,117.0,183.0
RM705,20170320,09:05:58.5,2395.0,0.0,2395.0,2396.0,106.0,185.0
RM705,20170320,09:05:59.0,2395.0,0.0,2395.0,2396.0,102.0,185.0
RM705,20170320,09:05:59.5,2395.0,0.0,2395.0,2396.0,98.0,185.0
RM705,20170320,09:06:00.0,2395.0,0.0,2395.0,2396.0,98.0,189.0
RM705,20170320,09:06:00.5,2396.0,0.0,2395.0,2396.0,93.0,189.0
RM705,20170320,09:06:01.5,2395.0,0.0,2395.0,2396.0,92.0,190.0
RM705,20170320,09:06:02.0,2395.0,0.0,2395.0,2396.0,91.0,191.0
RM705,20170320,09:06:02.5,2395.0,0.0,2394.0,2395.0,57.0,52.0
RM705,20170320,09:06:03.0,2394.0,0.0,2394.0,2395.0,142.0,54.0
RM705,20170320,09:06:03.5,2394.0,0.0,2394.0,2395.0,143.0,65.0
RM705,20170320,09:06:04.0,2395.0,0.0,2394.0,2395.0,145.0,58.0
RM705,20170320,09:06:04.5,2394.0,0.0,2394.0,2395.0,103.0,17.0
RM705,20170320,09:06:05.0,2394.0,0.0,2394.0,2395.0,100.0,40.0
RM705,20170320,09:06:05.5,2394.0,0.0,2394.0,2395.0,93.0,25.0
RM705,20170320,09:06:06.0,2395.0,0.0,2394.0,2395.0,97.0,46.0
RM705,20170320,09:06:06.5,2394.0,0.0,2394.0,2395.0,35.0,92.0
RM705,20170320,09:06:07.0,2395.0,0.0,2394.0,2395.0,30.0,78.0
RM705,20170320,09:06:07.5,2395.0,0.0,2394.0,2395.0,39.0,79.0
RM705,20170320,09:06:08.0,2394.0,0.0,2394.0,2395.0,38.0,79.0
RM705,20170320,09:06:08.5,2395.0,0.0,2394.0,2395.0,49.0,80.0
RM705,20170320,09:06:09.0,2394.0,0.0,2394.0,2395.0,41.0,82.0
RM705,20170320,09:06:09.5,2394.0,0.0,2394.0,2395.0,40.0,82.0
RM705,20170320,09:06:10.0,2394.0,0.0,2394.0,2395.0,35.0,79.0
RM705,20170320,09:06:10.5,2394.0,0.0,2394.0,2395.0,43.0,83.0
RM705,20170320,09:06:11.0,2395.0,0.0,2394.0,2395.0,57.0,61.0
RM705,20170320,09:06:11.5,2394.0,0.0,2394.0,2395.0,56.0,61.0
RM705,20170320,09:06:12.0,2394.0,0.0,2393.0,2395.0,440.0,83.0
RM705,20170320,09:06:12.5,2394.0,0.0,2394.0,2395.0,55.0,84.0
RM705,20170320,09:06:13.0,2394.0,0.0,2394.0,2395.0,173.0,84.0
RM705,20170320,09:06:13.5,2394.0,0.0,2394.0,2395.0,162.0,84.0
RM705,20170320,09:06:14.0,2394.0,0.0,2394.0,2395.0,159.0,95.0
RM705,20170320,09:06:14.5,2394.0,0.0,2394.0,2395.0,121.0,75.0
RM705,20170320,09:06:15.0,2395.0,0.0,2394.0,2395.0,114.0,64.0
RM705,20170320,09:06:15.5,2394.0,0.0,2394.0,2395.0,102.0,63.0
RM705,20170320,09:06:16.0,2394.0,0.0,2394.0,2395.0,104.0,75.0
RM705,20170320,09:06:16.5,2394.0,0.0,2394.0,2395.0,96.0,84.0
RM705,20170320,09:06:17.0,2393.0,0.0,2393.0,2395.0,453.0,89.0
RM705,20170320,09:06:17.5,2395.0,0.0,2394.0,2395.0,1.0,113.0
RM705,20170320,09:06:18.0,2394.0,0.0,2394.0,2395.0,1.0,114.0
RM705,20170320,09:06:18.5,2393.0,0.0,2393.0,2395.0,442.0,99.0
RM705,20170320,09:06:19.0,2393.0,0.0,2393.0,2394.0,449.0,20.0
RM705,20170320,09:06:19.5,2393.0,0.0,2393.0,2394.0,449.0,30.0
RM705,20170320,09:06:20.0,2393.0,0.0,2393.0,2394.0,449.0,33.0
RM705,20170320,09:06:20.5,2394.0,0.0,2393.0,2394.0,444.0,32.0
RM705,20170320,09:06:21.0,2394.0,0.0,2393.0,2394.0,440.0,32.0
RM705,20170320,09:06:21.5,2393.0,0.0,2393.0,2394.0,417.0,32.0
RM705,20170320,09:06:22.0,2394.0,0.0,2393.0,2394.0,417.0,35.0
RM705,20170320,09:06:22.5,2393.0,0.0,2393.0,2394.0,407.0,35.0
RM705,20170320,09:06:23.0,2393.0,0.0,2393.0,2394.0,406.0,35.0
RM705,20170320,09:06:23.5,2394.0,0.0,2393.0,2394.0,406.0,13.0
RM705,20170320,09:06:24.0,2394.0,0.0,2393.0,2394.0,402.0,237.0
RM705,20170320,09:06:24.5,2394.0,0.0,2393.0,2394.0,303.0,251.0
RM705,20170320,09:06:25.0,2393.0,0.0,2393.0,2394.0,286.0,256.0
RM705,20170320,09:06:25.5,2393.0,0.0,2393.0,2394.0,254.0,256.0
RM705,20170320,09:06:26.0,2393.0,0.0,2393.0,2394.0,260.0,257.0
RM705,20170320,09:06:26.5,2393.0,0.0,2393.0,2394.0,258.0,258.0
RM705,20170320,09:06:27.0,2393.0,0.0,2393.0,2394.0,256.0,258.0
RM705,20170320,09:06:27.5,2393.0,0.0,2393.0,2394.0,254.0,258.0
RM705,20170320,09:06:28.0,2393.0,0.0,2393.0,2394.0,254.0,259.0
RM705,20170320,09:06:28.5,2393.0,0.0,2393.0,2394.0,249.0,259.0
RM705,20170320,09:06:29.0,2393.0,0.0,2393.0,2394.0,249.0,257.0
RM705,20170320,09:06:29.5,2393.0,0.0,2393.0,2394.0,248.0,261.0
RM705,20170320,09:06:30.0,2393.0,0.0,2393.0,2394.0,240.0,261.0
RM705,20170320,09:06:30.5,2393.0,0.0,2393.0,2394.0,195.0,261.0
RM705,20170320,09:06:31.0,2393.0,0.0,2393.0,2394.0,193.0,257.0
RM705,20170320,09:06:31.5,2393.0,0.0,2393.0,2394.0,177.0,258.0
RM705,20170320,09:06:32.0,2393.0,0.0,2393.0,2394.0,164.0,258.0
RM705,20170320,09:06:32.5,2393.0,0.0,2393.0,2394.0,167.0,264.0
RM705,20170320,09:06:33.0,2393.0,0.0,2393.0,2394.0,163.0,268.0
RM705,20170320,09:06:33.5,2393.0,0.0,2393.0,2394.0,164.0,268.0
RM705,20170320,09:06:34.0,2393.0,0.0,2393.0,2394.0,162.0,268.0
RM705,20170320,09:06:34.5,2393.0,0.0,2393.0,2394.0,203.0,270.0
RM705,20170320,09:06:35.0,2394.0,0.0,2393.0,2394.0,194.0,289.0
RM705,20170320,09:06:35.5,2393.0,0.0,2393.0,2394.0,165.0,289.0
RM705,20170320,09:06:36.0,2393.0,0.0,2393.0,2394.0,162.0,289.0
RM705,20170320,09:06:36.5,2393.0,0.0,2393.0,2394.0,146.0,289.0
RM705,20170320,09:06:37.0,2394.0,0.0,2393.0,2394.0,144.0,290.0
RM705,20170320,09:06:37.5,2393.0,0.0,2393.0,2394.0,143.0,290.0
RM705,20170320,09:06:38.0,2393.0,0.0,2393.0,2394.0,137.0,289.0
RM705,20170320,09:06:38.5,2393.0,0.0,2393.0,2394.0,131.0,316.0
RM705,20170320,09:06:39.0,2393.0,0.0,2393.0,2394.0,128.0,313.0
RM705,20170320,09:06:39.5,2393.0,0.0,2393.0,2394.0,127.0,313.0
RM705,20170320,09:06:40.0,2393.0,0.0,2393.0,2394.0,126.0,312.0
RM705,20170320,09:06:40.5,2393.0,0.0,2393.0,2394.0,98.0,318.0
RM705,20170320,09:06:41.0,2394.0,0.0,2393.0,2394.0,97.0,319.0
RM705,20170320,09:06:41.5,2393.0,0.0,2393.0,2394.0,136.0,313.0
RM705,20170320,09:06:42.0,2393.0,0.0,2393.0,2394.0,132.0,314.0
RM705,20170320,09:06:42.5,2394.0,0.0,2393.0,2394.0,132.0,316.0
RM705,20170320,09:06:43.0,2393.0,0.0,2393.0,2394.0,107.0,308.0
RM705,20170320,09:06:43.5,2393.0,0.0,2393.0,2394.0,11.0,309.0
RM705,20170320,09:06:44.0,2393.0,0.0,2393.0,2394.0,11.0,510.0
RM705,20170320,09:06:44.5,2393.0,0.0,2393.0,2394.0,20.0,510.0
RM705,20170320,09:06:45.0,2393.0,0.0,2393.0,2394.0,12.0,511.0
RM705,20170320,09:06:45.5,2393.0,0.0,2392.0,2393.0,186.0,19.0
RM705,20170320,09:06:46.0,2393.0,0.0,2392.0,2393.0,180.0,20.0
RM705,20170320,09:06:46.5,2393.0,0.0,2392.0,2393.0,180.0,26.0
RM705,20170320,09:06:47.0,2392.0,0.0,2392.0,2393.0,179.0,26.0
RM705,20170320,09:06:47.5,2392.0,0.0,2392.0,2393.0,166.0,56.0
RM705,20170320,09:06:48.0,2392.0,0.0,2392.0,2393.0,148.0,57.0
RM705,20170320,09:06:48.5,2392.0,0.0,2392.0,2393.0,147.0,57.0
RM705,20170320,09:06:49.0,2392.0,0.0,2392.0,2393.0,144.0,57.0
RM705,20170320,09:06:49.5,2392.0,0.0,2392.0,2393.0,145.0,57.0
RM705,20170320,09:06:50.0,2393.0,0.0,2392.0,2393.0,143.0,65.0
RM705,20170320,09:06:50.5,2393.0,0.0,2392.0,2393.0,155.0,65.0
RM705,20170320,09:06:51.0,2392.0,0.0,2392.0,2393.0,153.0,65.0
RM705,20170320,09:06:51.5,2392.0,0.0,2392.0,2393.0,149.0,50.0
RM705,20170320,09:06:52.0,2392.0,0.0,2392.0,2393.0,143.0,50.0
RM705,20170320,09:06:52.5,2392.0,0.0,2392.0,2393.0,146.0,59.0
RM705,20170320,09:06:53.0,2392.0,0.0,2392.0,2393.0,144.0,70.0
RM705,20170320,09:06:53.5,2392.0,0.0,2392.0,2393.0,140.0,69.0
RM705,20170320,09:06:54.0,2392.0,0.0,2392.0,2393.0,139.0,72.0
RM705,20170320,09:06:54.5,2393.0,0.0,2392.0,2393.0,137.0,73.0
RM705,20170320,09:06:55.0,2392.0,0.0,2392.0,2393.0,132.0,74.0
RM705,20170320,09:06:55.5,2392.0,0.0,2392.0,2393.0,129.0,74.0
RM705,20170320,09:06:56.0,2392.0,0.0,2392.0,2393.0,132.0,75.0
RM705,20170320,09:06:56.5,2392.0,0.0,2392.0,2393.0,129.0,75.0
RM705,20170320,09:06:57.0,2392.0,0.0,2392.0,2393.0,129.0,81.0
RM705,20170320,09:06:57.5,2392.0,0.0,2392.0,2393.0,128.0,86.0
RM705,20170320,09:06:58.0,2392.0,0.0,2392.0,2393.0,105.0,89.0
RM705,20170320,09:06:58.5,2392.0,0.0,2392.0,2393.0,104.0,87.0
RM705,20170320,09:06:59.0,2392.0,0.0,2392.0,2393.0,101.0,89.0
RM705,20170320,09:06:59.5,2392.0,0.0,2392.0,2393.0,86.0,90.0
RM705,20170320,09:07:00.0,2393.0,0.0,2392.0,2393.0,76.0,88.0
RM705,20170320,09:07:00.5,2393.0,0.0,2392.0,2393.0,73.0,89.0
RM705,20170320,09:07:01.0,2392.0,0.0,2392.0,2393.0,71.0,93.0
RM705,20170320,09:07:01.5,2393.0,0.0,2392.0,2393.0,70.0,91.0
RM705,20170320,09:07:02.0,2393.0,0.0,2392.0,2393.0,81.0,91.0
RM705,20170320,09:07:02.5,2392.0,0.0,2392.0,2393.0,80.0,88.0
RM705,20170320,09:07:03.0,2392.0,0.0,2392.0,2393.0,71.0,89.0
RM705,20170320,09:07:03.5,2392.0,0.0,2392.0,2393.0,81.0,93.0
RM705,20170320,09:07:04.0,2392.0,0.0,2392.0,2393.0,81.0,104.0
RM705,20170320,09:07:04.5,2392.0,0.0,2392.0,2393.0,85.0,91.0
RM705,20170320,09:07:05.0,2392.0,0.0,2392.0,2393.0,94.0,106.0
RM705,20170320,09:07:05.5,2392.0,0.0,2392.0,2393.0,100.0,120.0
RM705,20170320,09:07:06.0,2393.0,0.0,2392.0,2393.0,95.0,46.0
RM705,20170320,09:07:06.5,2392.0,0.0,2392.0,2393.0,74.0,46.0
RM705,20170320,09:07:07.0,2392.0,0.0,2392.0,2393.0,77.0,54.0
RM705,20170320,09:07:08.0,2392.0,0.0,2392.0,2393.0,76.0,55.0
RM705,20170320,09:07:08.5,2393.0,0.0,2392.0,2393.0,74.0,55.0
RM705,20170320,09:07:09.0,2393.0,0.0,2392.0,2393.0,73.0,61.0
RM705,20170320,09:07:10.0,2392.0,0.0,2392.0,2393.0,64.0,71.0
RM705,20170320,09:07:10.5,2392.0,0.0,2392.0,2393.0,65.0,71.0
RM705,20170320,09:07:11.0,2393.0,0.0,2392.0,2393.0,85.0,70.0
RM705,20170320,09:07:11.5,2392.0,0.0,2392.0,2393.0,91.0,75.0
RM705,20170320,09:07:12.0,2392.0,0.0,2392.0,2393.0,148.0,75.0
RM705,20170320,09:07:12.5,2392.0,0.0,2392.0,2393.0,158.0,76.0
RM705,20170320,09:07:13.0,2392.0,0.0,2392.0,2393.0,296.0,74.0
RM705,20170320,09:07:13.5,2392.0,0.0,2392.0,2393.0,301.0,75.0
RM705,20170320,09:07:14.0,2392.0,0.0,2392.0,2393.0,289.0,80.0
RM705,20170320,09:07:14.5,2393.0,0.0,2392.0,2393.0,291.0,80.0
RM705,20170320,09:07:15.0,2393.0,0.0,2392.0,2393.0,330.0,77.0
RM705,20170320,09:07:15.5,2392.0,0.0,2392.0,2393.0,330.0,77.0
RM705,20170320,09:07:16.0,2392.0,0.0,2392.0,2393.0,329.0,80.0
RM705,20170320,09:07:16.5,2393.0,0.0,2392.0,2393.0,323.0,63.0
RM705,20170320,09:07:17.0,2393.0,0.0,2392.0,2393.0,328.0,64.0
RM705,20170320,09:07:17.5,2393.0,0.0,2392.0,2393.0,326.0,56.0
RM705,20170320,09:07:18.0,2392.0,0.0,2392.0,2393.0,327.0,56.0
RM705,20170320,09:07:18.5,2392.0,0.0,2392.0,2393.0,330.0,54.0
RM705,20170320,09:07:19.0,2392.0,0.0,2392.0,2393.0,332.0,55.0
RM705,20170320,09:07:19.5,2393.0,0.0,2392.0,2393.0,332.0,81.0
RM705,20170320,09:07:20.0,2393.0,0.0,2393.0,2394.0,14.0,388.0
RM705,20170320,09:07:20.5,2393.0,0.0,2393.0,2394.0,75.0,388.0
RM705,20170320,09:07:21.0,2393.0,0.0,2393.0,2394.0,75.0,388.0
RM705,20170320,09:07:21.5,2393.0,0.0,2393.0,2394.0,60.0,386.0
RM705,20170320,09:07:22.0,2393.0,0.0,2393.0,2394.0,59.0,386.0
RM705,20170320,09:07:22.5,2393.0,0.0,2393.0,2394.0,63.0,386.0
RM705,20170320,09:07:23.0,2393.0,0.0,2393.0,2394.0,59.0,387.0
RM705,20170320,09:07:23.5,2393.0,0.0,2392.0,2393.0,368.0,15.0
RM705,20170320,09:07:24.0,2392.0,0.0,2392.0,2393.0,372.0,29.0
RM705,20170320,09:07:24.5,2392.0,0.0,2392.0,2393.0,374.0,36.0
RM705,20170320,09:07:25.0,2392.0,0.0,2392.0,2393.0,373.0,46.0
RM705,20170320,09:07:25.5,2392.0,0.0,2392.0,2393.0,370.0,45.0
RM705,20170320,09:07:26.0,2393.0,0.0,2392.0,2393.0,370.0,43.0
RM705,20170320,09:07:26.5,2393.0,0.0,2392.0,2393.0,363.0,39.0
RM705,20170320,09:07:27.0,2393.0,0.0,2392.0,2393.0,364.0,35.0
RM705,20170320,09:07:27.5,2392.0,0.0,2392.0,2393.0,362.0,35.0
RM705,20170320,09:07:28.0,2392.0,0.0,2392.0,2393.0,361.0,35.0
RM705,20170320,09:07:28.5,2393.0,0.0,2392.0,2393.0,357.0,39.0
RM705,20170320,09:07:29.0,2392.0,0.0,2392.0,2393.0,357.0,45.0
RM705,20170320,09:07:29.5,2392.0,0.0,2392.0,2393.0,354.0,44.0
RM705,20170320,09:07:30.0,2392.0,0.0,2392.0,2393.0,348.0,43.0
RM705,20170320,09:07:30.5,2393.0,0.0,2392.0,2393.0,337.0,38.0
RM705,20170320,09:07:31.0,2393.0,0.0,2392.0,2393.0,337.0,48.0
RM705,20170320,09:07:31.5,2392.0,0.0,2392.0,2393.0,340.0,48.0
RM705,20170320,09:07:32.0,2392.0,0.0,2392.0,2393.0,341.0,49.0
RM705,20170320,09:07:32.5,2392.0,0.0,2392.0,2393.0,334.0,52.0
RM705,20170320,09:07:33.0,2393.0,0.0,2392.0,2393.0,334.0,96.0
RM705,20170320,09:07:33.5,2393.0,0.0,2392.0,2393.0,331.0,97.0
RM705,20170320,09:07:34.0,2393.0,0.0,2392.0,2393.0,330.0,97.0
RM705,20170320,09:07:34.5,2392.0,0.0,2392.0,2393.0,325.0,117.0
RM705,20170320,09:07:35.0,2392.0,0.0,2392.0,2393.0,324.0,121.0
RM705,20170320,09:07:35.5,2392.0,0.0,2392.0,2393.0,325.0,121.0
RM705,20170320,09:07:36.0,2393.0,0.0,2392.0,2393.0,321.0,109.0
RM705,20170320,09:07:36.5,2392.0,0.0,2392.0,2393.0,311.0,192.0
RM705,20170320,09:07:37.0,2392.0,0.0,2392.0,2393.0,305.0,188.0
RM705,20170320,09:07:37.5,2392.0,0.0,2392.0,2393.0,282.0,165.0
RM705,20170320,09:07:38.0,2392.0,0.0,2392.0,2393.0,277.0,177.0
RM705,20170320,09:07:38.5,2392.0,0.0,2392.0,2393.0,268.0,191.0
RM705,20170320,09:07:39.0,2392.0,0.0,2392.0,2393.0,266.0,211.0
RM705,20170320,09:07:39.5,2392.0,0.0,2392.0,2393.0,266.0,213.0
RM705,20170320,09:07:40.0,2392.0,0.0,2392.0,2393.0,263.0,212.0
RM705,20170320,09:07:40.5,2392.0,0.0,2392.0,2393.0,262.0,211.0
RM705,20170320,09:07:41.0,2393.0,0.0,2392.0,2393.0,261.0,214.0
RM705,20170320,09:07:41.5,2392.0,0.0,2392.0,2393.0,250.0,249.0
RM705,20170320,09:07:42.0,2392.0,0.0,2392.0,2393.0,223.0,219.0
RM705,20170320,09:07:43.0,2392.0,0.0,2392.0,2393.0,222.0,229.0
RM705,20170320,09:07:43.5,2393.0,0.0,2392.0,2393.0,221.0,339.0
RM705,20170320,09:07:44.0,2392.0,0.0,2392.0,2393.0,90.0,336.0
RM705,20170320,09:07:44.5,2392.0,0.0,2391.0,2392.0,252.0,62.0
RM705,20170320,09:07:45.0,2391.0,0.0,2391.0,2392.0,251.0,48.0
RM705,20170320,09:07:45.5,2391.0,0.0,2391.0,2392.0,248.0,50.0
RM705,20170320,09:07:46.0,2391.0,0.0,2391.0,2392.0,251.0,53.0
RM705,20170320,09:07:46.5,2392.0,0.0,2391.0,2392.0,236.0,52.0
RM705,20170320,09:07:47.0,2392.0,0.0,2391.0,2392.0,251.0,63.0
RM705,20170320,09:07:47.5,2391.0,0.0,2391.0,2392.0,249.0,63.0
RM705,20170320,09:07:48.0,2391.0,0.0,2391.0,2392.0,221.0,61.0
RM705,20170320,09:07:48.5,2391.0,0.0,2391.0,2392.0,218.0,61.0
RM705,20170320,09:07:49.0,2391.0,0.0,2391.0,2392.0,210.0,63.0
RM705,20170320,09:07:49.5,2391.0,0.0,2391.0,2392.0,211.0,136.0
RM705,20170320,09:07:50.0,2391.0,0.0,2391.0,2392.0,198.0,136.0
RM705,20170320,09:07:50.5,2391.0,0.0,2391.0,2392.0,198.0,135.0
RM705,20170320,09:07:51.0,2391.0,0.0,2391.0,2392.0,183.0,136.0
RM705,20170320,09:07:51.5,2391.0,0.0,2391.0,2392.0,182.0,136.0
RM705,20170320,09:07:52.0,2391.0,0.0,2391.0,2392.0,182.0,138.0
RM705,20170320,09:07:52.5,2391.0,0.0,2391.0,2392.0,179.0,140.0
RM705,20170320,09:07:53.0,2391.0,0.0,2391.0,2392.0,175.0,140.0
RM705,20170320,09:07:53.5,2391.0,0.0,2391.0,2392.0,171.0,140.0
RM705,20170320,09:07:54.0,2392.0,0.0,2391.0,2392.0,165.0,138.0
RM705,20170320,09:07:54.5,2391.0,0.0,2391.0,2392.0,163.0,141.0
RM705,20170320,09:07:55.0,2391.0,0.0,2391.0,2392.0,166.0,147.0
RM705,20170320,09:07:55.5,2391.0,0.0,2391.0,2392.0,162.0,148.0
RM705,20170320,09:07:56.0,2391.0,0.0,2391.0,2392.0,158.0,148.0
RM705,20170320,09:07:56.5,2391.0,0.0,2391.0,2392.0,153.0,147.0
RM705,20170320,09:07:57.0,2391.0,0.0,2391.0,2392.0,149.0,148.0
RM705,20170320,09:07:57.5,2391.0,0.0,2391.0,2392.0,146.0,148.0
RM705,20170320,09:07:58.0,2391.0,0.0,2391.0,2392.0,145.0,148.0
RM705,20170320,09:07:58.5,2391.0,0.0,2391.0,2392.0,144.0,150.0
RM705,20170320,09:07:59.0,2391.0,0.0,2391.0,2392.0,145.0,154.0
RM705,20170320,09:07:59.5,2391.0,0.0,2391.0,2392.0,161.0,154.0
RM705,20170320,09:08:00.0,2391.0,0.0,2391.0,2392.0,162.0,156.0
RM705,20170320,09:08:00.5,2391.0,0.0,2391.0,2392.0,101.0,152.0
RM705,20170320,09:08:01.0,2391.0,0.0,2391.0,2392.0,101.0,156.0
RM705,20170320,09:08:02.5,2391.0,0.0,2391.0,2392.0,96.0,153.0
RM705,20170320,09:08:03.0,2391.0,0.0,2391.0,2392.0,96.0,153.0
RM705,20170320,09:08:03.5,2391.0,0.0,2391.0,2392.0,132.0,140.0
RM705,20170320,09:08:04.0,2391.0,0.0,2391.0,2392.0,25.0,150.0
RM705,20170320,09:08:04.5,2391.0,0.0,2391.0,2392.0,30.0,150.0
RM705,20170320,09:08:05.0,2391.0,0.0,2391.0,2392.0,24.0,149.0
RM705,20170320,09:08:05.5,2392.0,0.0,2391.0,2392.0,23.0,147.0
RM705,20170320,09:08:06.0,2391.0,0.0,2391.0,2392.0,55.0,147.0
RM705,20170320,09:08:06.5,2391.0,0.0,2391.0,2392.0,55.0,147.0
RM705,20170320,09:08:07.0,2391.0,0.0,2391.0,2392.0,56.0,146.0
RM705,20170320,09:08:07.5,2391.0,0.0,2391.0,2392.0,59.0,150.0
RM705,20170320,09:08:08.0,2391.0,0.0,2391.0,2392.0,65.0,150.0
RM705,20170320,09:08:08.5,2391.0,0.0,2391.0,2392.0,62.0,149.0
RM705,20170320,09:08:09.0,2391.0,0.0,2391.0,2392.0,53.0,149.0
RM705,20170320,09:08:09.5,2391.0,0.0,2391.0,2392.0,53.0,139.0
RM705,20170320,09:08:10.0,2392.0,0.0,2391.0,2392.0,54.0,138.0
RM705,20170320,09:08:10.5,2391.0,0.0,2391.0,2392.0,56.0,148.0
RM705,20170320,09:08:11.0,2391.0,0.0,2391.0,2392.0,62.0,153.0
RM705,20170320,09:08:11.5,2391.0,0.0,2391.0,2392.0,68.0,153.0
RM705,20170320,09:08:12.0,2391.0,0.0,2391.0,2392.0,121.0,144.0
RM705,20170320,09:08:12.5,2391.0,0.0,2391.0,2392.0,152.0,144.0
RM705,20170320,09:08:13.0,2391.0,0.0,2391.0,2392.0,276.0,144.0
RM705,20170320,09:08:13.5,2391.0,0.0,2391.0,2392.0,277.0,144.0
RM705,20170320,09:08:14.0,2391.0,0.0,2391.0,2392.0,269.0,144.0
RM705,20170320,09:08:14.5,2391.0,0.0,2391.0,2392.0,271.0,143.0
RM705,20170320,09:08:15.5,2391.0,0.0,2391.0,2392.0,287.0,143.0
RM705,20170320,09:08:16.0,2391.0,0.0,2391.0,2392.0,288.0,143.0
RM705,20170320,09:08:16.5,2391.0,0.0,2391.0,2392.0,290.0,144.0
RM705,20170320,09:08:17.0,2391.0,0.0,2391.0,2392.0,293.0,144.0
RM705,20170320,09:08:17.5,2392.0,0.0,2391.0,2392.0,293.0,143.0
RM705,20170320,09:08:18.5,2392.0,0.0,2391.0,2392.0,295.0,142.0
RM705,20170320,09:08:19.0,2391.0,0.0,2391.0,2392.0,298.0,142.0
RM705,20170320,09:08:19.5,2391.0,0.0,2391.0,2392.0,298.0,147.0
RM705,20170320,09:08:20.0,2391.0,0.0,2391.0,2392.0,279.0,243.0
RM705,20170320,09:08:20.5,2392.0,0.0,2391.0,2392.0,345.0,243.0
RM705,20170320,09:08:21.0,2391.0,0.0,2391.0,2392.0,337.0,246.0
RM705,20170320,09:08:22.0,2392.0,0.0,2391.0,2392.0,331.0,247.0
RM705,20170320,09:08:22.5,2391.0,0.0,2391.0,2392.0,330.0,245.0
RM705,20170320,09:08:23.0,2391.0,0.0,2391.0,2392.0,331.0,247.0
RM705,20170320,09:08:23.5,2392.0,0.0,2391.0,2392.0,332.0,243.0
RM705,20170320,09:08:24.0,2392.0,0.0,2391.0,2392.0,337.0,235.0
RM705,20170320,09:08:24.5,2392.0,0.0,2391.0,2392.0,363.0,235.0
RM705,20170320,09:08:25.0,2392.0,0.0,2391.0,2392.0,363.0,236.0
RM705,20170320,09:08:25.5,2392.0,0.0,2391.0,2392.0,363.0,241.0
RM705,20170320,09:08:26.0,2392.0,0.0,2391.0,2392.0,364.0,240.0
RM705,20170320,09:08:26.5,2392.0,0.0,2391.0,2392.0,456.0,240.0
RM705,20170320,09:08:27.0,2392.0,0.0,2391.0,2392.0,465.0,244.0
RM705,20170320,09:08:27.5,2392.0,0.0,2391.0,2392.0,466.0,355.0
RM705,20170320,09:08:28.0,2392.0,0.0,2391.0,2392.0,466.0,353.0
RM705,20170320,09:08:28.5,2392.0,0.0,2391.0,2392.0,467.0,351.0
RM705,20170320,09:08:29.0,2392.0,0.0,2391.0,2392.0,472.0,346.0
RM705,20170320,09:08:29.5,2392.0,0.0,2391.0,2392.0,512.0,343.0
RM705,20170320,09:08:30.0,2392.0,0.0,2392.0,2393.0,271.0,240.0
RM705,20170320,09:08:30.5,2393.0,0.0,2393.0,2394.0,116.0,254.0
RM705,20170320,09:08:31.0,2393.0,0.0,2393.0,2394.0,204.0,254.0
RM705,20170320,09:08:31.5,2394.0,0.0,2394.0,2395.0,16.0,98.0
RM705,20170320,09:08:32.0,2394.0,0.0,2394.0,2395.0,94.0,98.0
RM705,20170320,09:08:32.5,2395.0,0.0,2394.0,2395.0,116.0,97.0
RM705,20170320,09:08:33.0,2394.0,0.0,2394.0,2395.0,93.0,98.0
RM705,20170320,09:08:33.5,2394.0,0.0,2394.0,2395.0,97.0,98.0
RM705,20170320,09:08:34.0,2395.0,0.0,2394.0,2395.0,97.0,97.0
RM705,20170320,09:08:34.5,2395.0,0.0,2394.0,2395.0,97.0,97.0
RM705,20170320,09:08:35.0,2395.0,0.0,2394.0,2395.0,88.0,117.0
RM705,20170320,09:08:35.5,2395.0,0.0,2394.0,2395.0,88.0,115.0
RM705,20170320,09:08:36.5,2395.0,0.0,2394.0,2395.0,88.0,114.0
RM705,20170320,09:08:37.0,2395.0,0.0,2394.0,2395.0,88.0,109.0
RM705,20170320,09:08:37.5,2394.0,0.0,2393.0,2394.0,161.0,8.0
RM705,20170320,09:08:38.0,2395.0,0.0,2394.0,2395.0,83.0,117.0
RM705,20170320,09:08:38.5,2395.0,0.0,2394.0,2395.0,84.0,117.0
RM705,20170320,09:08:39.0,2395.0,0.0,2394.0,2395.0,85.0,118.0
RM705,20170320,09:08:39.5,2395.0,0.0,2394.0,2395.0,94.0,116.0
RM705,20170320,09:08:40.0,2395.0,0.0,2394.0,2395.0,95.0,94.0
RM705,20170320,09:08:40.5,2395.0,0.0,2394.0,2395.0,97.0,93.0
RM705,20170320,09:08:41.0,2395.0,0.0,2394.0,2395.0,97.0,102.0
RM705,20170320,09:08:41.5,2394.0,0.0,2394.0,2395.0,96.0,101.0
RM705,20170320,09:08:42.0,2394.0,0.0,2394.0,2395.0,96.0,233.0
RM705,20170320,09:08:42.5,2394.0,0.0,2393.0,2394.0,214.0,10.0
RM705,20170320,09:08:43.0,2393.0,0.0,2393.0,2394.0,175.0,62.0
RM705,20170320,09:08:43.5,2394.0,0.0,2393.0,2394.0,141.0,68.0
RM705,20170320,09:08:44.0,2395.0,0.0,2395.0,2396.0,495.0,235.0
RM705,20170320,09:08:44.5,2395.0,0.0,2395.0,2396.0,232.0,217.0
RM705,20170320,09:08:45.0,2394.0,0.0,2394.0,2395.0,9.0,62.0
RM705,20170320,09:08:45.5,2393.0,0.0,2393.0,2395.0,128.0,84.0
RM705,20170320,09:08:46.5,2393.0,0.0,2393.0,2394.0,164.0,102.0
RM705,20170320,09:08:47.0,2393.0,0.0,2393.0,2394.0,153.0,113.0
RM705,20170320,09:08:47.5,2393.0,0.0,2393.0,2394.0,155.0,135.0
RM705,20170320,09:08:48.5,2393.0,0.0,2393.0,2394.0,174.0,136.0
RM705,20170320,09:08:49.5,2394.0,0.0,2393.0,2394.0,175.0,135.0
RM705,20170320,09:08:50.0,2394.0,0.0,2393.0,2394.0,175.0,134.0
RM705,20170320,09:08:50.5,2393.0,0.0,2393.0,2394.0,176.0,134.0
RM705,20170320,09:08:51.0,2394.0,0.0,2393.0,2394.0,175.0,122.0
RM705,20170320,09:08:51.5,2394.0,0.0,2393.0,2394.0,150.0,122.0
RM705,20170320,09:08:52.0,2394.0,0.0,2393.0,2394.0,142.0,51.0
RM705,20170320,09:08:52.5,2394.0,0.0,2393.0,2394.0,146.0,75.0
RM705,20170320,09:08:53.0,2394.0,0.0,2393.0,2394.0,149.0,7.0
RM705,20170320,09:08:53.5,2395.0,0.0,2393.0,2395.0,159.0,56.0
RM705,20170320,09:08:54.0,2394.0,0.0,2394.0,2395.0,5.0,43.0
RM705,20170320,09:08:54.5,2394.0,0.0,2393.0,2395.0,160.0,42.0
RM705,20170320,09:08:55.0,2395.0,0.0,2394.0,2395.0,2.0,43.0
RM705,20170320,09:08:55.5,2394.0,0.0,2393.0,2395.0,160.0,43.0
RM705,20170320,09:08:56.0,2394.0,0.0,2394.0,2395.0,11.0,54.0
RM705,20170320,09:08:56.5,2395.0,0.0,2394.0,2395.0,21.0,46.0
RM705,20170320,09:08:57.0,2395.0,0.0,2394.0,2395.0,21.0,47.0
RM705,20170320,09:08:57.5,2394.0,0.0,2394.0,2395.0,29.0,46.0
RM705,20170320,09:08:58.0,2394.0,0.0,2394.0,2395.0,456.0,46.0
RM705,20170320,09:08:58.5,2395.0,0.0,2395.0,2396.0,12.0,294.0
RM705,20170320,09:08:59.0,2394.0,0.0,2394.0,2396.0,507.0,292.0
RM705,20170320,09:08:59.5,2395.0,0.0,2395.0,2396.0,10.0,292.0
RM705,20170320,09:09:00.0,2396.0,0.0,2395.0,2396.0,1.0,301.0
RM705,20170320,09:09:00.5,2394.0,0.0,2394.0,2396.0,502.0,231.0
RM705,20170320,09:09:01.0,2395.0,0.0,2395.0,2396.0,131.0,232.0
RM705,20170320,09:09:01.5,2395.0,0.0,2395.0,2396.0,130.0,232.0
RM705,20170320,09:09:02.0,2395.0,0.0,2395.0,2396.0,128.0,232.0
RM705,20170320,09:09:02.5,2396.0,0.0,2395.0,2396.0,127.0,231.0
RM705,20170320,09:09:03.0,2396.0,0.0,2395.0,2396.0,137.0,330.0
RM705,20170320,09:09:03.5,2395.0,0.0,2395.0,2396.0,138.0,357.0
RM705,20170320,09:09:04.0,2395.0,0.0,2395.0,2396.0,134.0,358.0
RM705,20170320,09:09:04.5,2395.0,0.0,2395.0,2396.0,133.0,360.0
RM705,20170320,09:09:05.0,2396.0,0.0,2395.0,2396.0,133.0,359.0
RM705,20170320,09:09:05.5,2395.0,0.0,2395.0,2396.0,120.0,338.0
RM705,20170320,09:09:06.0,2395.0,0.0,2395.0,2396.0,114.0,325.0
RM705,20170320,09:09:06.5,2395.0,0.0,2395.0,2396.0,101.0,332.0
RM705,20170320,09:09:07.0,2396.0,0.0,2395.0,2396.0,106.0,330.0
RM705,20170320,09:09:07.5,2395.0,0.0,2395.0,2396.0,104.0,330.0
RM705,20170320,09:09:08.0,2395.0,0.0,2395.0,2396.0,103.0,330.0
RM705,20170320,09:09:08.5,2396.0,0.0,2395.0,2396.0,103.0,330.0
RM705,20170320,09:09:09.0,2396.0,0.0,2395.0,2396.0,103.0,332.0
RM705,20170320,09:09:09.5,2396.0,0.0,2395.0,2396.0,101.0,329.0
RM705,20170320,09:09:10.0,2395.0,0.0,2395.0,2396.0,90.0,335.0
RM705,20170320,09:09:10.5,2395.0,0.0,2395.0,2396.0,88.0,334.0
RM705,20170320,09:09:11.0,2395.0,0.0,2395.0,2396.0,81.0,334.0
RM705,20170320,09:09:11.5,2395.0,0.0,2395.0,2396.0,51.0,294.0
RM705,20170320,09:09:12.0,2395.0,0.0,2395.0,2396.0,49.0,296.0
RM705,20170320,09:09:12.5,2395.0,0.0,2395.0,2396.0,49.0,306.0
RM705,20170320,09:09:13.0,2395.0,0.0,2395.0,2396.0,49.0,599.0
RM705,20170320,09:09:13.5,2396.0,0.0,2395.0,2396.0,31.0,597.0
RM705,20170320,09:09:14.0,2395.0,0.0,2395.0,2396.0,27.0,587.0
RM705,20170320,09:09:14.5,2395.0,0.0,2395.0,2396.0,2.0,589.0
RM705,20170320,09:09:15.0,2395.0,0.0,2395.0,2396.0,9.0,588.0
RM705,20170320,09:09:15.5,2396.0,0.0,2395.0,2396.0,6.0,595.0
RM705,20170320,09:09:16.0,2395.0,0.0,2394.0,2396.0,500.0,596.0
RM705,20170320,09:09:16.5,2395.0,0.0,2394.0,2395.0,500.0,4.0
RM705,20170320,09:09:17.0,2395.0,0.0,2394.0,2395.0,504.0,6.0
RM705,20170320,09:09:17.5,2395.0,0.0,2395.0,2396.0,395.0,573.0
RM705,20170320,09:09:18.0,2395.0,0.0,2395.0,2396.0,392.0,570.0
RM705,20170320,09:09:18.5,2395.0,0.0,2395.0,2396.0,400.0,568.0
RM705,20170320,09:09:19.0,2395.0,0.0,2395.0,2396.0,385.0,572.0
RM705,20170320,09:09:19.5,2396.0,0.0,2395.0,2396.0,389.0,549.0
RM705,20170320,09:09:20.0,2395.0,0.0,2395.0,2396.0,357.0,559.0
RM705,20170320,09:09:20.5,2395.0,0.0,2395.0,2396.0,363.0,668.0
RM705,20170320,09:09:21.0,2395.0,0.0,2395.0,2396.0,362.0,684.0
RM705,20170320,09:09:21.5,2395.0,0.0,2395.0,2396.0,362.0,687.0
RM705,20170320,09:09:22.0,2395.0,0.0,2395.0,2396.0,348.0,686.0
RM705,20170320,09:09:22.5,2395.0,0.0,2395.0,2396.0,347.0,686.0
RM705,20170320,09:09:23.0,2395.0,0.0,2395.0,2396.0,347.0,731.0
RM705,20170320,09:09:23.5,2395.0,0.0,2395.0,2396.0,350.0,705.0
RM705,20170320,09:09:24.0,2395.0,0.0,2395.0,2396.0,345.0,703.0
RM705,20170320,09:09:24.5,2395.0,0.0,2395.0,2396.0,343.0,704.0
RM705,20170320,09:09:25.0,2395.0,0.0,2395.0,2396.0,344.0,709.0
RM705,20170320,09:09:25.5,2396.0,0.0,2395.0,2396.0,343.0,708.0
RM705,20170320,09:09:26.0,2395.0,0.0,2395.0,2396.0,342.0,717.0
RM705,20170320,09:09:26.5,2395.0,0.0,2395.0,2396.0,325.0,746.0
RM705,20170320,09:09:27.0,2396.0,0.0,2395.0,2396.0,325.0,737.0
RM705,20170320,09:09:27.5,2395.0,0.0,2395.0,2396.0,323.0,740.0
RM705,20170320,09:09:28.0,2395.0,0.0,2395.0,2396.0,272.0,739.0
RM705,20170320,09:09:28.5,2395.0,0.0,2395.0,2396.0,272.0,636.0
RM705,20170320,09:09:29.0,2396.0,0.0,2395.0,2396.0,269.0,637.0
RM705,20170320,09:09:29.5,2396.0,0.0,2395.0,2396.0,280.0,637.0
RM705,20170320,09:09:30.0,2395.0,0.0,2395.0,2396.0,271.0,646.0
RM705,20170320,09:09:30.5,2395.0,0.0,2395.0,2396.0,271.0,647.0
RM705,20170320,09:09:31.0,2395.0,0.0,2395.0,2396.0,270.0,652.0
RM705,20170320,09:09:31.5,2395.0,0.0,2395.0,2396.0,274.0,653.0
RM705,20170320,09:09:32.0,2396.0,0.0,2395.0,2396.0,275.0,653.0
RM705,20170320,09:09:32.5,2396.0,0.0,2395.0,2396.0,275.0,622.0
RM705,20170320,09:09:33.0,2395.0,0.0,2395.0,2396.0,270.0,622.0
RM705,20170320,09:09:33.5,2395.0,0.0,2395.0,2396.0,270.0,612.0
RM705,20170320,09:09:34.0,2396.0,0.0,2395.0,2396.0,270.0,561.0
RM705,20170320,09:09:34.5,2395.0,0.0,2395.0,2396.0,291.0,561.0
RM705,20170320,09:09:35.0,2396.0,0.0,2395.0,2396.0,291.0,571.0
RM705,20170320,09:09:35.5,2396.0,0.0,2395.0,2396.0,291.0,565.0
RM705,20170320,09:09:36.0,2395.0,0.0,2395.0,2396.0,289.0,565.0
RM705,20170320,09:09:36.5,2395.0,0.0,2395.0,2396.0,349.0,565.0
RM705,20170320,09:09:37.0,2395.0,0.0,2395.0,2396.0,278.0,565.0
RM705,20170320,09:09:37.5,2395.0,0.0,2395.0,2396.0,278.0,550.0
RM705,20170320,09:09:38.0,2395.0,0.0,2395.0,2396.0,279.0,560.0
RM705,20170320,09:09:38.5,2396.0,0.0,2395.0,2396.0,278.0,446.0
RM705,20170320,09:09:39.0,2396.0,0.0,2395.0,2396.0,258.0,433.0
RM705,20170320,09:09:39.5,2395.0,0.0,2395.0,2396.0,253.0,433.0
RM705,20170320,09:09:40.0,2395.0,0.0,2395.0,2396.0,253.0,409.0
RM705,20170320,09:09:41.0,2395.0,0.0,2395.0,2396.0,245.0,408.0
RM705,20170320,09:09:41.5,2396.0,0.0,2395.0,2396.0,245.0,513.0
RM705,20170320,09:09:42.0,2396.0,0.0,2395.0,2396.0,245.0,544.0
RM705,20170320,09:09:42.5,2395.0,0.0,2395.0,2396.0,245.0,543.0
RM705,20170320,09:09:43.0,2395.0,0.0,2395.0,2396.0,244.0,546.0
RM705,20170320,09:09:43.5,2396.0,0.0,2395.0,2396.0,243.0,550.0
RM705,20170320,09:09:44.0,2396.0,0.0,2395.0,2396.0,243.0,553.0
RM705,20170320,09:09:44.5,2395.0,0.0,2395.0,2396.0,122.0,551.0
RM705,20170320,09:09:45.0,2395.0,0.0,2395.0,2396.0,113.0,557.0
RM705,20170320,09:09:45.5,2395.0,0.0,2395.0,2396.0,112.0,557.0
RM705,20170320,09:09:46.0,2396.0,0.0,2395.0,2396.0,104.0,562.0
RM705,20170320,09:09:46.5,2396.0,0.0,2395.0,2396.0,116.0,544.0
RM705,20170320,09:09:47.0,2396.0,0.0,2395.0,2396.0,125.0,337.0
RM705,20170320,09:09:47.5,2395.0,0.0,2395.0,2396.0,122.0,326.0
RM705,20170320,09:09:48.0,2395.0,0.0,2395.0,2396.0,121.0,328.0
RM705,20170320,09:09:48.5,2395.0,0.0,2395.0,2396.0,170.0,348.0
RM705,20170320,09:09:49.0,2395.0,0.0,2395.0,2396.0,169.0,347.0
RM705,20170320,09:09:49.5,2395.0,0.0,2395.0,2396.0,169.0,358.0
RM705,20170320,09:09:50.0,2395.0,0.0,2395.0,2396.0,4.0,378.0
RM705,20170320,09:09:50.5,2396.0,0.0,2395.0,2396.0,63.0,375.0
RM705,20170320,09:09:51.0,2395.0,0.0,2395.0,2396.0,73.0,375.0
RM705,20170320,09:09:51.5,2396.0,0.0,2395.0,2396.0,73.0,376.0
RM705,20170320,09:09:52.0,2395.0,0.0,2395.0,2396.0,85.0,377.0
RM705,20170320,09:09:53.0,2395.0,0.0,2395.0,2396.0,73.0,377.0
RM705,20170320,09:09:53.5,2396.0,0.0,2395.0,2396.0,73.0,375.0
RM705,20170320,09:09:54.0,2395.0,0.0,2395.0,2396.0,73.0,381.0
RM705,20170320,09:09:54.5,2395.0,0.0,2395.0,2396.0,75.0,380.0
RM705,20170320,09:09:55.0,2395.0,0.0,2395.0,2396.0,82.0,373.0
RM705,20170320,09:09:55.5,2395.0,0.0,2395.0,2396.0,83.0,371.0
RM705,20170320,09:09:56.0,2395.0,0.0,2395.0,2396.0,88.0,372.0
RM705,20170320,09:09:56.5,2395.0,0.0,2395.0,2396.0,165.0,360.0
RM705,20170320,09:09:57.0,2396.0,0.0,2395.0,2396.0,148.0,346.0
RM705,20170320,09:09:57.5,2396.0,0.0,2395.0,2396.0,150.0,348.0
RM705,20170320,09:09:58.0,2396.0,0.0,2395.0,2396.0,158.0,353.0
RM705,20170320,09:09:58.5,2395.0,0.0,2395.0,2396.0,157.0,355.0
RM705,20170320,09:09:59.0,2395.0,0.0,2395.0,2396.0,153.0,367.0
RM705,20170320,09:09:59.5,2395.0,0.0,2395.0,2396.0,143.0,366.0
RM705,20170320,09:10:00.0,2395.0,0.0,2395.0,2396.0,144.0,386.0
RM705,20170320,09:10:00.5,2395.0,0.0,2395.0,2396.0,180.0,385.0
RM705,20170320,09:10:01.0,2395.0,0.0,2395.0,2396.0,170.0,366.0
RM705,20170320,09:10:01.5,2395.0,0.0,2395.0,2396.0,187.0,333.0
RM705,20170320,09:10:02.0,2396.0,0.0,2395.0,2396.0,187.0,332.0
RM705,20170320,09:10:02.5,2396.0,0.0,2395.0,2396.0,187.0,331.0
RM705,20170320,09:10:03.0,2396.0,0.0,2395.0,2396.0,217.0,331.0
RM705,20170320,09:10:03.5,2396.0,0.0,2395.0,2397.0,217.0,188.0
RM705,20170320,09:10:04.0,2396.0,0.0,2396.0,2397.0,66.0,143.0
RM705,20170320,09:10:04.5,2396.0,0.0,2396.0,2397.0,56.0,143.0
RM705,20170320,09:10:05.0,2396.0,0.0,2396.0,2397.0,86.0,142.0
RM705,20170320,09:10:05.5,2396.0,0.0,2396.0,2397.0,84.0,142.0
RM705,20170320,09:10:06.0,2396.0,0.0,2396.0,2397.0,86.0,142.0
RM705,20170320,09:10:06.5,2396.0,0.0,2396.0,2397.0,134.0,141.0
RM705,20170320,09:10:07.0,2396.0,0.0,2396.0,2397.0,142.0,141.0
RM705,20170320,09:10:07.5,2397.0,0.0,2396.0,2397.0,132.0,145.0
RM705,20170320,09:10:08.0,2396.0,0.0,2396.0,2397.0,129.0,142.0
RM705,20170320,09:10:08.5,2397.0,0.0,2396.0,2397.0,128.0,158.0
RM705,20170320,09:10:09.0,2397.0,0.0,2396.0,2397.0,124.0,146.0
RM705,20170320,09:10:09.5,2396.0,0.0,2396.0,2397.0,122.0,147.0
RM705,20170320,09:10:10.0,2396.0,0.0,2396.0,2397.0,121.0,128.0
RM705,20170320,09:10:10.5,2396.0,0.0,2396.0,2397.0,129.0,125.0
RM705,20170320,09:10:11.0,2397.0,0.0,2396.0,2397.0,137.0,121.0
RM705,20170320,09:10:11.5,2397.0,0.0,2396.0,2397.0,136.0,106.0
RM705,20170320,09:10:12.0,2397.0,0.0,2396.0,2397.0,157.0,91.0
RM705,20170320,09:10:12.5,2397.0,0.0,2396.0,2397.0,158.0,29.0
RM705,20170320,09:10:13.0,2397.0,0.0,2396.0,2397.0,165.0,9.0
RM705,20170320,09:10:13.5,2397.0,0.0,2396.0,2397.0,163.0,2.0
RM705,20170320,09:10:14.0,2397.0,0.0,2396.0,2397.0,168.0,12.0
RM705,20170320,09:10:14.5,2396.0,0.0,2396.0,2397.0,1.0,266.0
RM705,20170320,09:10:15.0,2397.0,0.0,2395.0,2396.0,169.0,185.0
RM705,20170320,09:10:15.5,2396.0,0.0,2395.0,2396.0,169.0,176.0
RM705,20170320,09:10:16.0,2396.0,0.0,2395.0,2396.0,148.0,165.0
RM705,20170320,09:10:16.5,2396.0,0.0,2395.0,2396.0,142.0,175.0
RM705,20170320,09:10:17.0,2396.0,0.0,2395.0,2396.0,144.0,11.0
RM705,20170320,09:10:17.5,2395.0,0.0,2395.0,2396.0,144.0,10.0
RM705,20170320,09:10:18.0,2396.0,0.0,2395.0,2396.0,154.0,35.0
RM705,20170320,09:10:18.5,2396.0,0.0,2395.0,2396.0,151.0,32.0
RM705,20170320,09:10:19.0,2396.0,0.0,2395.0,2396.0,151.0,31.0
RM705,20170320,09:10:19.5,2395.0,0.0,2395.0,2396.0,136.0,30.0
RM705,20170320,09:10:20.0,2396.0,0.0,2395.0,2396.0,134.0,29.0
RM705,20170320,09:10:20.5,2395.0,0.0,2395.0,2396.0,126.0,31.0
RM705,20170320,09:10:21.0,2396.0,0.0,2395.0,2396.0,137.0,32.0
RM705,20170320,09:10:21.5,2396.0,0.0,2395.0,2396.0,141.0,31.0
RM705,20170320,09:10:22.0,2396.0,0.0,2395.0,2396.0,141.0,30.0
RM705,20170320,09:10:22.5,2395.0,0.0,2395.0,2396.0,149.0,21.0
RM705,20170320,09:10:23.0,2395.0,0.0,2395.0,2396.0,148.0,21.0
RM705,20170320,09:10:23.5,2395.0,0.0,2395.0,2396.0,550.0,21.0
RM705,20170320,09:10:24.0,2396.0,0.0,2395.0,2396.0,550.0,28.0
RM705,20170320,09:10:24.5,2396.0,0.0,2395.0,2396.0,542.0,28.0
RM705,20170320,09:10:25.5,2396.0,0.0,2395.0,2396.0,552.0,6.0
RM705,20170320,09:10:26.0,2395.0,0.0,2395.0,2396.0,552.0,6.0
RM705,20170320,09:10:26.5,2396.0,0.0,2395.0,2396.0,568.0,4.0
RM705,20170320,09:10:27.0,2395.0,0.0,2395.0,2396.0,558.0,4.0
RM705,20170320,09:10:27.5,2396.0,0.0,2395.0,2396.0,558.0,6.0
RM705,20170320,09:10:28.0,2396.0,0.0,2395.0,2396.0,558.0,1.0
RM705,20170320,09:10:28.5,2396.0,0.0,2395.0,2396.0,558.0,52.0
RM705,20170320,09:10:29.0,2396.0,0.0,2395.0,2396.0,555.0,44.0
RM705,20170320,09:10:29.5,2396.0,0.0,2396.0,2397.0,245.0,303.0
RM705,20170320,09:10:30.0,2396.0,0.0,2396.0,2397.0,246.0,304.0
RM705,20170320,09:10:30.5,2396.0,0.0,2396.0,2397.0,246.0,323.0
RM705,20170320,09:10:31.0,2396.0,0.0,2396.0,2397.0,235.0,320.0
RM705,20170320,09:10:31.5,2396.0,0.0,2396.0,2397.0,222.0,321.0
RM705,20170320,09:10:32.0,2396.0,0.0,2396.0,2397.0,203.0,279.0
RM705,20170320,09:10:32.5,2396.0,0.0,2396.0,2397.0,206.0,281.0
RM705,20170320,09:10:33.0,2396.0,0.0,2396.0,2397.0,204.0,273.0
RM705,20170320,09:10:33.5,2397.0,0.0,2396.0,2397.0,204.0,277.0
RM705,20170320,09:10:34.0,2397.0,0.0,2396.0,2397.0,204.0,279.0
RM705,20170320,09:10:34.5,2396.0,0.0,2396.0,2397.0,197.0,282.0
RM705,20170320,09:10:35.0,2397.0,0.0,2396.0,2397.0,189.0,281.0
RM705,20170320,09:10:35.5,2397.0,0.0,2396.0,2397.0,190.0,284.0
RM705,20170320,09:10:36.0,2396.0,0.0,2396.0,2397.0,189.0,300.0
RM705,20170320,09:10:36.5,2397.0,0.0,2396.0,2397.0,189.0,297.0
RM705,20170320,09:10:37.0,2396.0,0.0,2396.0,2397.0,186.0,306.0
RM705,20170320,09:10:37.5,2397.0,0.0,2396.0,2397.0,180.0,306.0
RM705,20170320,09:10:38.0,2397.0,0.0,2396.0,2397.0,180.0,307.0
RM705,20170320,09:10:38.5,2396.0,0.0,2396.0,2397.0,174.0,414.0
RM705,20170320,09:10:39.0,2397.0,0.0,2395.0,2397.0,548.0,413.0
RM705,20170320,09:10:39.5,2396.0,0.0,2395.0,2396.0,548.0,68.0
RM705,20170320,09:10:40.0,2396.0,0.0,2395.0,2396.0,549.0,76.0
RM705,20170320,09:10:40.5,2396.0,0.0,2395.0,2396.0,548.0,99.0
RM705,20170320,09:10:41.5,2396.0,0.0,2395.0,2396.0,549.0,101.0
RM705,20170320,09:10:42.0,2396.0,0.0,2395.0,2396.0,549.0,84.0
RM705,20170320,09:10:42.5,2396.0,0.0,2395.0,2396.0,552.0,75.0
RM705,20170320,09:10:43.0,2396.0,0.0,2395.0,2396.0,551.0,76.0
RM705,20170320,09:10:43.5,2396.0,0.0,2395.0,2396.0,566.0,37.0
RM705,20170320,09:10:44.0,2396.0,0.0,2395.0,2396.0,549.0,36.0
RM705,20170320,09:10:44.5,2396.0,0.0,2396.0,2397.0,23.0,496.0
RM705,20170320,09:10:45.0,2396.0,0.0,2396.0,2397.0,37.0,497.0
RM705,20170320,09:10:45.5,2396.0,0.0,2396.0,2397.0,98.0,497.0
RM705,20170320,09:10:46.0,2396.0,0.0,2396.0,2397.0,97.0,498.0
RM705,20170320,09:10:46.5,2396.0,0.0,2396.0,2397.0,96.0,491.0
RM705,20170320,09:10:47.0,2397.0,0.0,2396.0,2397.0,93.0,488.0
RM705,20170320,09:10:47.5,2396.0,0.0,2396.0,2397.0,91.0,476.0
RM705,20170320,09:10:48.0,2397.0,0.0,2396.0,2397.0,91.0,477.0
RM705,20170320,09:10:48.5,2396.0,0.0,2396.0,2397.0,91.0,479.0
RM705,20170320,09:10:49.0,2396.0,0.0,2396.0,2397.0,107.0,481.0
RM705,20170320,09:10:49.5,2396.0,0.0,2396.0,2397.0,99.0,481.0
RM705,20170320,09:10:50.0,2397.0,0.0,2396.0,2397.0,99.0,479.0
RM705,20170320,09:10:50.5,2397.0,0.0,2396.0,2397.0,100.0,470.0
RM705,20170320,09:10:51.0,2396.0,0.0,2396.0,2397.0,83.0,501.0
RM705,20170320,09:10:51.5,2396.0,0.0,2396.0,2397.0,84.0,501.0
RM705,20170320,09:10:52.0,2397.0,0.0,2396.0,2397.0,91.0,407.0
RM705,20170320,09:10:52.5,2397.0,0.0,2396.0,2397.0,95.0,406.0
RM705,20170320,09:10:53.0,2397.0,0.0,2396.0,2397.0,96.0,380.0
RM705,20170320,09:10:53.5,2397.0,0.0,2396.0,2397.0,93.0,379.0
RM705,20170320,09:10:54.0,2397.0,0.0,2396.0,2397.0,114.0,369.0
RM705,20170320,09:10:54.5,2397.0,0.0,2396.0,2397.0,115.0,368.0
RM705,20170320,09:10:55.0,2396.0,0.0,2396.0,2397.0,114.0,368.0
RM705,20170320,09:10:55.5,2397.0,0.0,2396.0,2397.0,113.0,378.0
RM705,20170320,09:10:56.0,2397.0,0.0,2396.0,2397.0,112.0,377.0
RM705,20170320,09:10:56.5,2397.0,0.0,2396.0,2397.0,100.0,399.0
RM705,20170320,09:10:57.0,2397.0,0.0,2396.0,2397.0,100.0,396.0
RM705,20170320,09:10:57.5,2397.0,0.0,2396.0,2397.0,103.0,396.0
RM705,20170320,09:10:58.0,2397.0,0.0,2396.0,2397.0,99.0,385.0
RM705,20170320,09:10:58.5,2397.0,0.0,2396.0,2397.0,112.0,370.0
RM705,20170320,09:10:59.0,2397.0,0.0,2396.0,2397.0,133.0,348.0
RM705,20170320,09:11:00.0,2397.0,0.0,2396.0,2397.0,133.0,347.0
RM705,20170320,09:11:00.5,2397.0,0.0,2396.0,2397.0,134.0,345.0
RM705,20170320,09:11:01.0,2397.0,0.0,2396.0,2397.0,137.0,340.0
RM705,20170320,09:11:01.5,2397.0,0.0,2396.0,2397.0,137.0,341.0
RM705,20170320,09:11:02.0,2397.0,0.0,2396.0,2397.0,133.0,340.0
RM705,20170320,09:11:02.5,2396.0,0.0,2396.0,2397.0,133.0,340.0
RM705,20170320,09:11:03.0,2397.0,0.0,2396.0,2397.0,141.0,329.0
RM705,20170320,09:11:03.5,2397.0,0.0,2396.0,2397.0,165.0,328.0
RM705,20170320,09:11:04.0,2397.0,0.0,2396.0,2397.0,165.0,379.0
RM705,20170320,09:11:04.5,2397.0,0.0,2396.0,2397.0,165.0,380.0
RM705,20170320,09:11:05.0,2396.0,0.0,2396.0,2397.0,174.0,386.0
RM705,20170320,09:11:05.5,2397.0,0.0,2396.0,2397.0,174.0,391.0
RM705,20170320,09:11:06.0,2396.0,0.0,2396.0,2397.0,173.0,387.0
RM705,20170320,09:11:06.5,2396.0,0.0,2396.0,2397.0,171.0,387.0
RM705,20170320,09:11:07.0,2396.0,0.0,2396.0,2397.0,169.0,386.0
RM705,20170320,09:11:08.0,2397.0,0.0,2396.0,2397.0,170.0,383.0
RM705,20170320,09:11:08.5,2396.0,0.0,2395.0,2396.0,615.0,29.0
RM705,20170320,09:11:09.0,2396.0,0.0,2395.0,2397.0,764.0,373.0
RM705,20170320,09:11:09.5,2396.0,0.0,2395.0,2396.0,764.0,1.0
RM705,20170320,09:11:10.0,2397.0,0.0,2396.0,2397.0,23.0,401.0
RM705,20170320,09:11:10.5,2397.0,0.0,2396.0,2397.0,167.0,401.0
RM705,20170320,09:11:11.0,2396.0,0.0,2396.0,2397.0,165.0,411.0
RM705,20170320,09:11:11.5,2397.0,0.0,2396.0,2397.0,192.0,410.0
RM705,20170320,09:11:12.0,2397.0,0.0,2396.0,2397.0,200.0,410.0
RM705,20170320,09:11:12.5,2396.0,0.0,2396.0,2397.0,199.0,409.0
RM705,20170320,09:11:13.5,2396.0,0.0,2396.0,2397.0,138.0,409.0
RM705,20170320,09:11:14.0,2397.0,0.0,2396.0,2397.0,106.0,408.0
RM705,20170320,09:11:14.5,2396.0,0.0,2396.0,2397.0,84.0,407.0
RM705,20170320,09:11:15.0,2396.0,0.0,2396.0,2397.0,91.0,417.0
RM705,20170320,09:11:15.5,2396.0,0.0,2396.0,2397.0,82.0,415.0
RM705,20170320,09:11:16.0,2396.0,0.0,2396.0,2397.0,87.0,415.0
RM705,20170320,09:11:16.5,2397.0,0.0,2396.0,2397.0,86.0,413.0
RM705,20170320,09:11:17.0,2396.0,0.0,2396.0,2397.0,84.0,401.0
RM705,20170320,09:11:17.5,2396.0,0.0,2396.0,2397.0,82.0,407.0
RM705,20170320,09:11:18.0,2397.0,0.0,2396.0,2397.0,82.0,395.0
RM705,20170320,09:11:18.5,2396.0,0.0,2396.0,2397.0,81.0,395.0
RM705,20170320,09:11:19.0,2397.0,0.0,2396.0,2397.0,81.0,383.0
RM705,20170320,09:11:19.5,2397.0,0.0,2396.0,2397.0,81.0,385.0
RM705,20170320,09:11:20.0,2397.0,0.0,2396.0,2397.0,78.0,389.0
RM705,20170320,09:11:20.5,2397.0,0.0,2396.0,2397.0,71.0,383.0
RM705,20170320,09:11:21.5,2396.0,0.0,2396.0,2397.0,69.0,394.0
RM705,20170320,09:11:22.0,2397.0,0.0,2396.0,2397.0,67.0,393.0
RM705,20170320,09:11:22.5,2396.0,0.0,2396.0,2397.0,48.0,383.0
RM705,20170320,09:11:23.0,2396.0,0.0,2396.0,2397.0,45.0,388.0
RM705,20170320,09:11:23.5,2396.0,0.0,2395.0,2397.0,623.0,385.0
RM705,20170320,09:11:24.0,2396.0,0.0,2395.0,2396.0,613.0,18.0
RM705,20170320,09:11:24.5,2396.0,0.0,2395.0,2396.0,603.0,26.0
RM705,20170320,09:11:25.0,2396.0,0.0,2395.0,2396.0,551.0,26.0
RM705,20170320,09:11:25.5,2396.0,0.0,2395.0,2396.0,551.0,30.0
RM705,20170320,09:11:26.0,2396.0,0.0,2395.0,2396.0,555.0,29.0
RM705,20170320,09:11:26.5,2397.0,0.0,2395.0,2396.0,556.0,2.0
RM705,20170320,09:11:27.0,2397.0,0.0,2395.0,2396.0,556.0,1.0
RM705,20170320,09:11:27.5,2397.0,0.0,2396.0,2397.0,20.0,258.0
RM705,20170320,09:11:28.0,2397.0,0.0,2396.0,2397.0,21.0,248.0
RM705,20170320,09:11:28.5,2396.0,0.0,2396.0,2397.0,19.0,248.0
RM705,20170320,09:11:29.0,2395.0,0.0,2395.0,2396.0,583.0,3.0
RM705,20170320,09:11:29.5,2396.0,0.0,2396.0,2397.0,2.0,270.0
RM705,20170320,09:11:30.0,2397.0,0.0,2396.0,2397.0,2.0,266.0
RM705,20170320,09:11:30.5,2396.0,0.0,2395.0,2396.0,583.0,13.0
RM705,20170320,09:11:31.0,2396.0,0.0,2395.0,2396.0,583.0,14.0
RM705,20170320,09:11:31.5,2396.0,0.0,2395.0,2396.0,568.0,21.0
RM705,20170320,09:11:32.0,2396.0,0.0,2395.0,2396.0,569.0,24.0
RM705,20170320,09:11:32.5,2396.0,0.0,2395.0,2396.0,569.0,17.0
RM705,20170320,09:11:33.0,2396.0,0.0,2396.0,2397.0,4.0,259.0
RM705,20170320,09:11:33.5,2397.0,0.0,2396.0,2397.0,4.0,268.0
RM705,20170320,09:11:34.5,2396.0,0.0,2396.0,2397.0,3.0,267.0
RM705,20170320,09:11:35.5,2397.0,0.0,2396.0,2397.0,3.0,282.0
RM705,20170320,09:11:36.0,2396.0,0.0,2396.0,2397.0,4.0,290.0
RM705,20170320,09:11:36.5,2397.0,0.0,2396.0,2397.0,24.0,288.0
RM705,20170320,09:11:37.0,2396.0,0.0,2396.0,2397.0,21.0,284.0
RM705,20170320,09:11:37.5,2396.0,0.0,2396.0,2397.0,117.0,264.0
RM705,20170320,09:11:38.0,2397.0,0.0,2396.0,2397.0,117.0,263.0
RM705,20170320,09:11:38.5,2397.0,0.0,2396.0,2397.0,120.0,269.0
RM705,20170320,09:11:39.0,2397.0,0.0,2396.0,2397.0,120.0,268.0
RM705,20170320,09:11:39.5,2396.0,0.0,2396.0,2397.0,128.0,267.0
RM705,20170320,09:11:40.0,2397.0,0.0,2396.0,2397.0,128.0,267.0
RM705,20170320,09:11:40.5,2397.0,0.0,2396.0,2397.0,128.0,268.0
RM705,20170320,09:11:41.0,2396.0,0.0,2396.0,2397.0,127.0,267.0
RM705,20170320,09:11:41.5,2396.0,0.0,2396.0,2397.0,126.0,266.0
RM705,20170320,09:11:42.0,2396.0,0.0,2396.0,2397.0,115.0,397.0
RM705,20170320,09:11:42.5,2396.0,0.0,2396.0,2397.0,114.0,397.0
RM705,20170320,09:11:43.0,2397.0,0.0,2396.0,2397.0,114.0,510.0
RM705,20170320,09:11:43.5,2397.0,0.0,2396.0,2397.0,94.0,517.0
RM705,20170320,09:11:44.0,2396.0,0.0,2396.0,2397.0,93.0,519.0
RM705,20170320,09:11:44.5,2396.0,0.0,2396.0,2397.0,88.0,519.0
RM705,20170320,09:11:45.0,2396.0,0.0,2396.0,2397.0,87.0,519.0
RM705,20170320,09:11:45.5,2396.0,0.0,2395.0,2397.0,527.0,531.0
RM705,20170320,09:11:46.0,2396.0,0.0,2396.0,2397.0,17.0,528.0
RM705,20170320,09:11:46.5,2396.0,0.0,2395.0,2396.0,568.0,3.0
RM705,20170320,09:11:47.0,2395.0,0.0,2395.0,2397.0,554.0,518.0
RM705,20170320,09:11:47.5,2397.0,0.0,2395.0,2397.0,555.0,575.0
RM705,20170320,09:11:48.0,2397.0,0.0,2395.0,2397.0,555.0,574.0
RM705,20170320,09:11:48.5,2395.0,0.0,2395.0,2397.0,554.0,574.0
RM705,20170320,09:11:49.0,2395.0,0.0,2395.0,2397.0,556.0,573.0
RM705,20170320,09:11:49.5,2396.0,0.0,2395.0,2397.0,555.0,573.0
RM705,20170320,09:11:50.0,2397.0,0.0,2396.0,2397.0,20.0,571.0
RM705,20170320,09:11:50.5,2396.0,0.0,2396.0,2397.0,11.0,568.0
RM705,20170320,09:11:51.0,2397.0,0.0,2396.0,2397.0,10.0,568.0
RM705,20170320,09:11:51.5,2397.0,0.0,2396.0,2397.0,10.0,560.0
RM705,20170320,09:11:52.0,2396.0,0.0,2396.0,2397.0,9.0,560.0
RM705,20170320,09:11:52.5,2397.0,0.0,2396.0,2397.0,29.0,561.0
RM705,20170320,09:11:53.0,2397.0,0.0,2396.0,2397.0,29.0,567.0
RM705,20170320,09:11:53.5,2397.0,0.0,2396.0,2397.0,24.0,567.0
RM705,20170320,09:11:54.0,2397.0,0.0,2395.0,2397.0,540.0,564.0
RM705,20170320,09:11:54.5,2397.0,0.0,2395.0,2397.0,540.0,563.0
RM705,20170320,09:11:55.0,2397.0,0.0,2396.0,2397.0,18.0,562.0
RM705,20170320,09:11:55.5,2396.0,0.0,2396.0,2397.0,1.0,568.0
RM705,20170320,09:11:56.0,2396.0,0.0,2395.0,2396.0,540.0,1.0
RM705,20170320,09:11:56.5,2396.0,0.0,2395.0,2396.0,540.0,2.0
RM705,20170320,09:11:57.0,2396.0,0.0,2396.0,2397.0,19.0,558.0
RM705,20170320,09:11:57.5,2397.0,0.0,2396.0,2397.0,21.0,586.0
RM705,20170320,09:11:58.0,2397.0,0.0,2396.0,2397.0,21.0,582.0
RM705,20170320,09:11:58.5,2397.0,0.0,2396.0,2397.0,21.0,581.0
RM705,20170320,09:11:59.0,2397.0,0.0,2396.0,2397.0,43.0,579.0
RM705,20170320,09:11:59.5,2397.0,0.0,2396.0,2397.0,42.0,581.0
RM705,20170320,09:12:00.0,2397.0,0.0,2396.0,2397.0,59.0,577.0
RM705,20170320,09:12:00.5,2396.0,0.0,2396.0,2397.0,89.0,577.0
RM705,20170320,09:12:01.0,2396.0,0.0,2396.0,2397.0,56.0,578.0
RM705,20170320,09:12:01.5,2396.0,0.0,2396.0,2397.0,50.0,577.0
RM705,20170320,09:12:02.0,2397.0,0.0,2396.0,2397.0,53.0,572.0
RM705,20170320,09:12:02.5,2396.0,0.0,2396.0,2397.0,94.0,541.0
RM705,20170320,09:12:03.0,2396.0,0.0,2396.0,2397.0,120.0,542.0
RM705,20170320,09:12:03.5,2397.0,0.0,2396.0,2397.0,111.0,539.0
RM705,20170320,09:12:04.5,2397.0,0.0,2396.0,2397.0,105.0,535.0
RM705,20170320,09:12:05.0,2397.0,0.0,2396.0,2397.0,119.0,521.0
RM705,20170320,09:12:05.5,2396.0,0.0,2396.0,2397.0,114.0,521.0
RM705,20170320,09:12:06.0,2397.0,0.0,2396.0,2397.0,115.0,522.0
RM705,20170320,09:12:06.5,2396.0,0.0,2396.0,2397.0,123.0,521.0
RM705,20170320,09:12:07.0,2397.0,0.0,2396.0,2397.0,123.0,506.0
RM705,20170320,09:12:07.5,2397.0,0.0,2396.0,2397.0,123.0,505.0
RM705,20170320,09:12:08.0,2397.0,0.0,2396.0,2397.0,123.0,509.0
RM705,20170320,09:12:08.5,2396.0,0.0,2396.0,2397.0,121.0,508.0
RM705,20170320,09:12:10.0,2397.0,0.0,2396.0,2397.0,121.0,504.0
RM705,20170320,09:12:10.5,2397.0,0.0,2396.0,2397.0,126.0,504.0
RM705,20170320,09:12:11.0,2397.0,0.0,2396.0,2397.0,146.0,505.0
RM705,20170320,09:12:11.5,2396.0,0.0,2396.0,2397.0,146.0,502.0
RM705,20170320,09:12:12.0,2397.0,0.0,2396.0,2397.0,145.0,498.0
RM705,20170320,09:12:12.5,2397.0,0.0,2396.0,2397.0,135.0,497.0
RM705,20170320,09:12:13.0,2396.0,0.0,2396.0,2397.0,133.0,496.0
RM705,20170320,09:12:13.5,2397.0,0.0,2396.0,2397.0,133.0,497.0
RM705,20170320,09:12:14.0,2396.0,0.0,2396.0,2397.0,116.0,518.0
RM705,20170320,09:12:14.5,2397.0,0.0,2396.0,2397.0,127.0,407.0
RM705,20170320,09:12:15.0,2397.0,0.0,2396.0,2397.0,134.0,398.0
RM705,20170320,09:12:15.5,2396.0,0.0,2396.0,2397.0,133.0,398.0
RM705,20170320,09:12:16.0,2397.0,0.0,2396.0,2397.0,133.0,328.0
RM705,20170320,09:12:16.5,2397.0,0.0,2396.0,2397.0,133.0,329.0
RM705,20170320,09:12:17.0,2396.0,0.0,2396.0,2397.0,33.0,324.0
RM705,20170320,09:12:17.5,2397.0,0.0,2396.0,2397.0,36.0,323.0
RM705,20170320,09:12:18.0,2397.0,0.0,2396.0,2397.0,37.0,322.0
RM705,20170320,09:12:18.5,2397.0,0.0,2396.0,2397.0,37.0,343.0
RM705,20170320,09:12:19.0,2397.0,0.0,2396.0,2397.0,40.0,348.0
RM705,20170320,09:12:19.5,2397.0,0.0,2396.0,2397.0,42.0,363.0
RM705,20170320,09:12:20.0,2397.0,0.0,2396.0,2397.0,41.0,362.0
RM705,20170320,09:12:20.5,2397.0,0.0,2396.0,2397.0,103.0,362.0
RM705,20170320,09:12:21.0,2397.0,0.0,2396.0,2397.0,103.0,360.0
RM705,20170320,09:12:21.5,2396.0,0.0,2396.0,2397.0,102.0,384.0
RM705,20170320,09:12:22.0,2397.0,0.0,2396.0,2397.0,102.0,380.0
RM705,20170320,09:12:22.5,2396.0,0.0,2396.0,2397.0,96.0,380.0
RM705,20170320,09:12:23.0,2396.0,0.0,2396.0,2397.0,81.0,381.0
RM705,20170320,09:12:23.5,2397.0,0.0,2396.0,2397.0,88.0,377.0
RM705,20170320,09:12:24.0,2396.0,0.0,2396.0,2397.0,87.0,378.0
RM705,20170320,09:12:24.5,2396.0,0.0,2396.0,2397.0,87.0,379.0
RM705,20170320,09:12:25.5,2397.0,0.0,2396.0,2397.0,91.0,378.0
RM705,20170320,09:12:26.0,2397.0,0.0,2396.0,2397.0,91.0,376.0
RM705,20170320,09:12:26.5,2397.0,0.0,2396.0,2397.0,140.0,378.0
RM705,20170320,09:12:27.0,2397.0,0.0,2396.0,2397.0,145.0,378.0
RM705,20170320,09:12:27.5,2396.0,0.0,2396.0,2397.0,145.0,379.0
RM705,20170320,09:12:28.0,2397.0,0.0,2396.0,2397.0,153.0,379.0
RM705,20170320,09:12:28.5,2396.0,0.0,2396.0,2397.0,150.0,379.0
RM705,20170320,09:12:29.0,2396.0,0.0,2396.0,2397.0,157.0,379.0
RM705,20170320,09:12:29.5,2396.0,0.0,2396.0,2397.0,157.0,380.0
RM705,20170320,09:12:30.0,2397.0,0.0,2396.0,2397.0,157.0,377.0
RM705,20170320,09:12:31.0,2396.0,0.0,2396.0,2397.0,155.0,378.0
RM705,20170320,09:12:31.5,2397.0,0.0,2396.0,2397.0,154.0,376.0
RM705,20170320,09:12:32.0,2397.0,0.0,2396.0,2397.0,155.0,372.0
RM705,20170320,09:12:32.5,2397.0,0.0,2396.0,2397.0,156.0,372.0
RM705,20170320,09:12:33.0,2397.0,0.0,2396.0,2397.0,156.0,369.0
RM705,20170320,09:12:33.5,2397.0,0.0,2396.0,2397.0,157.0,368.0
RM705,20170320,09:12:34.0,2397.0,0.0,2396.0,2397.0,160.0,367.0
RM705,20170320,09:12:34.5,2396.0,0.0,2396.0,2397.0,129.0,367.0
RM705,20170320,09:12:35.0,2396.0,0.0,2396.0,2397.0,130.0,367.0
RM705,20170320,09:12:35.5,2396.0,0.0,2396.0,2397.0,126.0,367.0
RM705,20170320,09:12:36.0,2396.0,0.0,2396.0,2397.0,123.0,367.0
RM705,20170320,09:12:36.5,2396.0,0.0,2396.0,2397.0,122.0,357.0
RM705,20170320,09:12:37.0,2397.0,0.0,2396.0,2397.0,122.0,356.0
RM705,20170320,09:12:37.5,2397.0,0.0,2396.0,2397.0,121.0,356.0
RM705,20170320,09:12:38.0,2396.0,0.0,2396.0,2397.0,120.0,356.0
RM705,20170320,09:12:38.5,2397.0,0.0,2396.0,2397.0,119.0,352.0
RM705,20170320,09:12:39.0,2397.0,0.0,2396.0,2397.0,118.0,351.0
RM705,20170320,09:12:39.5,2397.0,0.0,2396.0,2397.0,118.0,350.0
RM705,20170320,09:12:40.0,2396.0,0.0,2396.0,2397.0,118.0,347.0
RM705,20170320,09:12:41.0,2397.0,0.0,2396.0,2397.0,118.0,346.0
RM705,20170320,09:12:41.5,2397.0,0.0,2396.0,2397.0,118.0,339.0
RM705,20170320,09:12:42.0,2397.0,0.0,2396.0,2397.0,118.0,340.0
RM705,20170320,09:12:42.5,2396.0,0.0,2396.0,2397.0,117.0,349.0
RM705,20170320,09:12:43.0,2397.0,0.0,2396.0,2397.0,115.0,347.0
RM705,20170320,09:12:43.5,2397.0,0.0,2396.0,2397.0,120.0,348.0
RM705,20170320,09:12:44.0,2397.0,0.0,2396.0,2397.0,120.0,349.0
RM705,20170320,09:12:44.5,2397.0,0.0,2396.0,2397.0,120.0,340.0
RM705,20170320,09:12:45.0,2396.0,0.0,2396.0,2397.0,130.0,339.0
RM705,20170320,09:12:45.5,2397.0,0.0,2396.0,2397.0,156.0,338.0
RM705,20170320,09:12:46.5,2397.0,0.0,2396.0,2397.0,156.0,334.0
RM705,20170320,09:12:47.0,2397.0,0.0,2396.0,2397.0,156.0,375.0
RM705,20170320,09:12:47.5,2397.0,0.0,2396.0,2397.0,156.0,375.0
RM705,20170320,09:12:48.0,2397.0,0.0,2396.0,2397.0,156.0,374.0
RM705,20170320,09:12:48.5,2396.0,0.0,2396.0,2397.0,128.0,374.0
RM705,20170320,09:12:49.0,2396.0,0.0,2396.0,2397.0,121.0,374.0
RM705,20170320,09:12:49.5,2397.0,0.0,2396.0,2397.0,122.0,367.0
RM705,20170320,09:12:50.0,2397.0,0.0,2396.0,2397.0,121.0,353.0
RM705,20170320,09:12:50.5,2397.0,0.0,2396.0,2397.0,120.0,349.0
RM705,20170320,09:12:51.0,2397.0,0.0,2396.0,2397.0,120.0,291.0
RM705,20170320,09:12:51.5,2397.0,0.0,2396.0,2397.0,120.0,291.0
RM705,20170320,09:12:52.0,2397.0,0.0,2396.0,2397.0,120.0,286.0
RM705,20170320,09:12:52.5,2397.0,0.0,2396.0,2397.0,120.0,282.0
RM705,20170320,09:12:53.0,2396.0,0.0,2396.0,2397.0,121.0,183.0
RM705,20170320,09:12:53.5,2396.0,0.0,2396.0,2397.0,120.0,186.0
RM705,20170320,09:12:54.0,2397.0,0.0,2396.0,2397.0,120.0,183.0
RM705,20170320,09:12:54.5,2397.0,0.0,2396.0,2397.0,169.0,192.0
RM705,20170320,09:12:55.0,2397.0,0.0,2396.0,2397.0,169.0,200.0
RM705,20170320,09:12:55.5,2396.0,0.0,2396.0,2397.0,162.0,200.0
RM705,20170320,09:12:56.0,2397.0,0.0,2396.0,2397.0,161.0,199.0
RM705,20170320,09:12:56.5,2397.0,0.0,2396.0,2397.0,160.0,151.0
RM705,20170320,09:12:57.0,2397.0,0.0,2396.0,2397.0,160.0,124.0
RM705,20170320,09:12:57.5,2397.0,0.0,2396.0,2397.0,160.0,123.0
RM705,20170320,09:12:58.0,2397.0,0.0,2396.0,2397.0,160.0,113.0
RM705,20170320,09:12:58.5,2397.0,0.0,2396.0,2397.0,160.0,112.0
RM705,20170320,09:12:59.0,2397.0,0.0,2396.0,2397.0,169.0,102.0
RM705,20170320,09:13:00.0,2397.0,0.0,2396.0,2397.0,170.0,96.0
RM705,20170320,09:13:00.5,2397.0,0.0,2397.0,2398.0,87.0,579.0
RM705,20170320,09:13:01.0,2398.0,0.0,2397.0,2398.0,96.0,534.0
RM705,20170320,09:13:01.5,2397.0,0.0,2397.0,2398.0,95.0,534.0
RM705,20170320,09:13:02.0,2397.0,0.0,2397.0,2398.0,107.0,534.0
RM705,20170320,09:13:02.5,2397.0,0.0,2397.0,2398.0,99.0,534.0
RM705,20170320,09:13:03.0,2397.0,0.0,2397.0,2398.0,123.0,535.0
RM705,20170320,09:13:03.5,2398.0,0.0,2397.0,2398.0,123.0,534.0
RM705,20170320,09:13:04.0,2397.0,0.0,2397.0,2398.0,127.0,533.0
RM705,20170320,09:13:04.5,2398.0,0.0,2397.0,2398.0,123.0,529.0
RM705,20170320,09:13:05.0,2397.0,0.0,2397.0,2398.0,122.0,529.0
RM705,20170320,09:13:05.5,2397.0,0.0,2397.0,2398.0,105.0,549.0
RM705,20170320,09:13:06.0,2397.0,0.0,2397.0,2398.0,102.0,549.0
RM705,20170320,09:13:06.5,2397.0,0.0,2397.0,2398.0,107.0,551.0
RM705,20170320,09:13:07.0,2397.0,0.0,2397.0,2398.0,107.0,566.0
RM705,20170320,09:13:07.5,2397.0,0.0,2397.0,2398.0,107.0,568.0
RM705,20170320,09:13:08.0,2398.0,0.0,2397.0,2398.0,114.0,575.0
RM705,20170320,09:13:08.5,2397.0,0.0,2397.0,2398.0,112.0,575.0
RM705,20170320,09:13:09.0,2397.0,0.0,2397.0,2398.0,109.0,605.0
RM705,20170320,09:13:09.5,2398.0,0.0,2397.0,2398.0,115.0,596.0
RM705,20170320,09:13:10.0,2398.0,0.0,2397.0,2398.0,71.0,594.0
RM705,20170320,09:13:10.5,2397.0,0.0,2397.0,2398.0,63.0,593.0
RM705,20170320,09:13:11.0,2397.0,0.0,2397.0,2398.0,65.0,593.0
RM705,20170320,09:13:11.5,2397.0,0.0,2397.0,2398.0,64.0,593.0
RM705,20170320,09:13:12.0,2398.0,0.0,2397.0,2398.0,57.0,540.0
RM705,20170320,09:13:12.5,2397.0,0.0,2397.0,2398.0,55.0,540.0
RM705,20170320,09:13:13.0,2398.0,0.0,2397.0,2398.0,54.0,541.0
RM705,20170320,09:13:13.5,2398.0,0.0,2397.0,2398.0,107.0,538.0
RM705,20170320,09:13:14.0,2398.0,0.0,2397.0,2398.0,105.0,538.0
RM705,20170320,09:13:14.5,2398.0,0.0,2397.0,2398.0,104.0,538.0
RM705,20170320,09:13:15.0,2398.0,0.0,2397.0,2398.0,104.0,528.0
RM705,20170320,09:13:15.5,2398.0,0.0,2397.0,2398.0,104.0,527.0
RM705,20170320,09:13:16.0,2398.0,0.0,2397.0,2398.0,104.0,527.0
RM705,20170320,09:13:16.5,2398.0,0.0,2397.0,2398.0,104.0,515.0
RM705,20170320,09:13:17.0,2398.0,0.0,2397.0,2398.0,103.0,514.0
RM705,20170320,09:13:17.5,2398.0,0.0,2397.0,2398.0,104.0,513.0
RM705,20170320,09:13:18.0,2398.0,0.0,2397.0,2398.0,106.0,515.0
RM705,20170320,09:13:18.5,2397.0,0.0,2397.0,2398.0,102.0,473.0
RM705,20170320,09:13:19.0,2397.0,0.0,2397.0,2398.0,102.0,476.0
RM705,20170320,09:13:19.5,2398.0,0.0,2397.0,2398.0,102.0,449.0
RM705,20170320,09:13:20.0,2397.0,0.0,2397.0,2398.0,99.0,427.0
RM705,20170320,09:13:20.5,2397.0,0.0,2397.0,2398.0,98.0,428.0
RM705,20170320,09:13:21.0,2398.0,0.0,2397.0,2398.0,98.0,424.0
RM705,20170320,09:13:21.5,2397.0,0.0,2397.0,2398.0,96.0,416.0
RM705,20170320,09:13:22.0,2398.0,0.0,2397.0,2398.0,95.0,522.0
RM705,20170320,09:13:22.5,2398.0,0.0,2397.0,2398.0,95.0,517.0
RM705,20170320,09:13:23.0,2398.0,0.0,2397.0,2398.0,96.0,515.0
RM705,20170320,09:13:23.5,2397.0,0.0,2397.0,2398.0,96.0,527.0
RM705,20170320,09:13:24.0,2398.0,0.0,2397.0,2398.0,97.0,521.0
RM705,20170320,09:13:24.5,2397.0,0.0,2397.0,2398.0,82.0,523.0
RM705,20170320,09:13:25.0,2397.0,0.0,2397.0,2398.0,82.0,524.0
RM705,20170320,09:13:25.5,2398.0,0.0,2397.0,2398.0,105.0,516.0
RM705,20170320,09:13:26.0,2398.0,0.0,2397.0,2398.0,107.0,516.0
RM705,20170320,09:13:26.5,2397.0,0.0,2397.0,2398.0,104.0,516.0
RM705,20170320,09:13:27.0,2398.0,0.0,2397.0,2398.0,104.0,515.0
RM705,20170320,09:13:27.5,2398.0,0.0,2397.0,2398.0,104.0,514.0
RM705,20170320,09:13:28.0,2398.0,0.0,2397.0,2398.0,141.0,347.0
RM705,20170320,09:13:28.5,2398.0,0.0,2397.0,2398.0,140.0,345.0
RM705,20170320,09:13:29.0,2398.0,0.0,2397.0,2398.0,141.0,344.0
RM705,20170320,09:13:29.5,2398.0,0.0,2397.0,2398.0,147.0,334.0
RM705,20170320,09:13:30.0,2397.0,0.0,2397.0,2398.0,146.0,334.0
RM705,20170320,09:13:30.5,2398.0,0.0,2397.0,2398.0,134.0,313.0
RM705,20170320,09:13:31.0,2398.0,0.0,2397.0,2398.0,131.0,308.0
RM705,20170320,09:13:31.5,2398.0,0.0,2397.0,2398.0,157.0,276.0
RM705,20170320,09:13:32.0,2398.0,0.0,2397.0,2398.0,16.0,290.0
RM705,20170320,09:13:32.5,2398.0,0.0,2397.0,2398.0,37.0,61.0
RM705,20170320,09:13:33.0,2398.0,0.0,2397.0,2398.0,45.0,54.0
RM705,20170320,09:13:34.0,2398.0,0.0,2397.0,2398.0,45.0,55.0
RM705,20170320,09:13:34.5,2398.0,0.0,2397.0,2398.0,45.0,56.0
RM705,20170320,09:13:35.0,2398.0,0.0,2397.0,2398.0,45.0,56.0
RM705,20170320,09:13:35.5,2398.0,0.0,2398.0,2399.0,344.0,767.0
RM705,20170320,09:13:36.0,2399.0,0.0,2398.0,2399.0,334.0,742.0
RM705,20170320,09:13:36.5,2398.0,0.0,2398.0,2399.0,350.0,742.0
RM705,20170320,09:13:37.0,2399.0,0.0,2398.0,2399.0,349.0,697.0
RM705,20170320,09:13:37.5,2399.0,0.0,2398.0,2399.0,401.0,696.0
RM705,20170320,09:13:38.0,2398.0,0.0,2398.0,2399.0,396.0,696.0
RM705,20170320,09:13:38.5,2399.0,0.0,2398.0,2399.0,458.0,668.0
RM705,20170320,09:13:39.0,2399.0,0.0,2398.0,2399.0,457.0,612.0
RM705,20170320,09:13:39.5,2399.0,0.0,2398.0,2399.0,461.0,558.0
RM705,20170320,09:13:40.0,2399.0,0.0,2398.0,2399.0,341.0,553.0
RM705,20170320,09:13:40.5,2399.0,0.0,2398.0,2399.0,342.0,442.0
RM705,20170320,09:13:41.0,2398.0,0.0,2398.0,2399.0,341.0,429.0
RM705,20170320,09:13:41.5,2399.0,0.0,2399.0,2400.0,176.0,1150.0
RM705,20170320,09:13:42.0,2399.0,0.0,2399.0,2400.0,245.0,1050.0
RM705,20170320,09:13:42.5,2400.0,0.0,2399.0,2400.0,255.0,951.0
RM705,20170320,09:13:43.0,2400.0,0.0,2399.0,2400.0,253.0,551.0
RM705,20170320,09:13:43.5,2401.0,0.0,2400.0,2401.0,41.0,24.0
RM705,20170320,09:13:44.0,2401.0,0.0,2400.0,2401.0,57.0,90.0
RM705,20170320,09:13:44.5,2401.0,0.0,2401.0,2402.0,31.0,21.0
RM705,20170320,09:13:45.0,2400.0,0.0,2399.0,2400.0,212.0,374.0
RM705,20170320,09:13:45.5,2400.0,0.0,2399.0,2400.0,182.0,334.0
RM705,20170320,09:13:46.0,2400.0,0.0,2399.0,2400.0,158.0,411.0
RM705,20170320,09:13:46.5,2400.0,0.0,2399.0,2400.0,84.0,393.0
RM705,20170320,09:13:47.0,2400.0,0.0,2399.0,2400.0,324.0,369.0
RM705,20170320,09:13:47.5,2400.0,0.0,2399.0,2400.0,348.0,362.0
RM705,20170320,09:13:48.0,2400.0,0.0,2399.0,2400.0,348.0,368.0
RM705,20170320,09:13:48.5,2400.0,0.0,2399.0,2400.0,330.0,313.0
RM705,20170320,09:13:49.0,2400.0,0.0,2399.0,2400.0,333.0,29.0
